2852 4736
219 353 285 424 ιω
673 345 810 458 ERGO.

219 511 283 576 sita
301 516 390 572 snat.
433 503 563 591 Sensus·
579 501 669 570 enim
692 515 758 568 estc
788 503 868 591 qnid
893 525 975 590 ergo
992 503 1070 571 hino
1086 502 1279 588 colligitur?

218 595 294 664 lloc
310 589 405 692 pueri
422 598 579 676 possunt:
603 611 645 654 an
661 611 741 656 vcro
759 588 820 656 viri
836 612 905 656 non
921 589 1104 678 poterunt?
1127 589 1280 675 Itemque

208 679 279 748 ¹ubi
294 701 344 744 srn
370 675 468 742 clar-is
483 675 532 740 vis
547 675 653 742 inest:
687 675 772 763 quid
786 699 870 764 ergo
888 674 964 755 est?
983 677 1067 766 quid
1084 672 1279 762 ergofcci-

220 701 371 834 endaml
392 761 542 828 maxime
562 762 598 828 in
623 762 818 850 occupanda
841 762 1039 830 obiectione.
1087 764 1141 828 Sic
1157 761 1226 826 Cic.
1243 785 1279 848 p.

219 853 322 922 noso.
337 851 413 916 Am.
427 855 457 929 l,
469 853 502 914 2.
527 845 612 936 quid
624 847 734 936 ergo?
757 848 1011 916 audacissimus
1027 872 1092 936 ego
1109 873 1150 914 ex
1164 849 1279 914 omui·

164 967 175 974 ·
220 935 307 1006 bus?
345 935 498 1004 Minime.
546 933 604 998 ubi
634 935 812 1002 Schiituius
843 937 932 1002 male
962 937 1171 1026 interpunxit
1202 944 1281 1026 post

96 1043 98 1048 ’
222 1019 329 1116 guid?
346 1021 631 1112 p.'(laec.17,50.

306 1165 348 1232 V.
367 1169 404 1229 1.
428 1157 605 1249 Duplicem
620 1160 771 1228 videmus
796 1183 867 1228 esse
888 1162 956 1226 vim
979 1161 1159 1250 particulae
1174 1159 1209 1226 in
1226 1161 1277 1240 iis,

222 1271 308 1342 quae
332 1250 654 1336 argumentationem
678 1248 719 1314 ad
743 1247 849 1327 alind,
881 1243 1067 1334 quodcum
1091 1247 1277 1312 antedictis

222 1337 416 1417 cohaereat,
446 1344 669 1424 promovent,
700 1343 798 1420 atque
820 1333 900 1400 haec
916 1355 1017 1415 nova,
1048 1355 1131 1421 qnae
1147 1333 1278 1399 addun-

220 1436 297 1507 tur,
314 1421 498 1506 necessario
516 1441 605 1485 nexu
623 1420 710 1484 inter
725 1443 760 1484 se
774 1419 950 1504 coniungi,
972 1419 1163 1484 ostendunt.
1193 1419 1278 1484 Pars·

221 1509 439 1589 ,ticulaenim
462 1507 654 1594 praeposita
678 1516 711 1570 et
733 1507 1031 1593 consequutioncm
1057 1506 1157 1570 totius
1180 1527 1279 1592 argu-

219 1594 433 1662 mentationis
455 1603 489 1658 et
510 1592 610 1657 simul
629 1593 856 1658 necessitatem
874 1613 988 1658 rerum
1001 1593 1278 1678 consequentium

218 1681 351 1750 indicat.
372 1685 386 1762 ,ζ
1121 1751 1127 1768 ,

222 1771 229 1782 ⁵
326 1782 384 1836 cic.
403 1781 437 1834 tle
452 1780 521 1850 lreg.
537 1779 563 1846 2,
579 1777 609 1854 ‚5¹
625 1777 670 1831 11.
694 1797 761 1850 ergo
781 1785 813 1832 nt
833 1769 884 1854 'itur
906 1781 1000 1834 «licina
1019 1798 1093 1834 meas
1111 1798 1214 1838 summa
1234 1781 1276 1834 tex

289 1875 343 1934 est,
365 1868 523 1936 scemenum
539 1865 569 1917 in
586 1863 691 1915 leontiae
707 1871 760 1930 est,
779 1865 901 1934 perfecta
923 1873 963 1920 est
985 1867 1015 1918 in
1034 1859 1125 1920 meate'
1136 1867 1275 1935 cupientis.

284 1953 318 2008 ln
337 1950 384 2004 his
406 1967 440 2004 cx
459 1946 647 2018 superioribus
669 1947 795 2018 procedit
816 1940 1036 2018 argumentatio,
1055 1956 1083 2004 ct
1102 1950 1277 2004 continentur

194 2099 196 2102 ¹
219 2099 222 2104 ¹
287 2037 359 2090 clune
374 2035 525 2090 sententies
542 2031 654 2102 aequali
668 2032 794 2086 veritatis
811 2033 939 2102 vinculo,
958 2042 1041 2105 atque
1056 2035 1227 2101 affirmetur,
1244 2041 1276 2090 nt

142 2163 144 2172 ,
190 2116 194 2126 ‘
232 2132 235 2138 “
287 2120 383 2175 divina
399 2137 477 2174 mens
494 2117 529 2172 sit
544 2135 651 2172 summa
664 2118 727 2183 lex,
757 2109 855 2172 coclerrl
869 2113 951 2174 modo
969 2137 1032 2182 enm
1045 2121 1198 2194 innomine
1213 2139 1299 2173 esser

286 2207 441 2278 perlectum
463 2208 585 2256 mentem
608 2200 749 2270 sepientis.
790 2202 847 2255 Hic
862 2202 934 2257 enim
949 2212 991 2260 cst
1005 2223 1098 2258 sensns
1114 2207 1274 2272 verborum,

287 2307 377 2362 nsque
388 2287 522 2344 caenum
539 2286 700 2357 Madvigio,
726 2287 773 2356 qni
783 2294 845 2355 post
852 2293 972 2358 perfecta
982 2290 1141 2362 interpungl
1153 2291 1238 2346 iubet.

306 2399 340 2460 2.
362 2393 467 2458 Huius
484 2391 614 2479 generis
630 2399 687 2476 est
707 2391 977 2478 interrogationis
1001 2417 1038 2460 ca
1054 2387 1188 2470 ¹forma,
1212 2415 1276 2480 qua

219 2503 266 2547 ex
283 2477 511 2630 superioribus
531 2476 700 2562 colligitur
722 2479 961 2565 argumentatio
976 2479 1017 2544 de
1034 2480 1159 2546 duabus
1175 2481 1275 2546 rebus

219 2565 432 2653 aequaib'ns',
470 2563 520 2630 vel
552 2583 636 2649 quae
668 2584 771 2648 acque
796 2564 926 2651 possint
955 2588 1043 2648 esse,
1085 2588 1226 2653 quarum
1247 2571 1275 2634 si

217 2652 320 2722 altera
337 2673 406 2717 esse
422 2647 641 2730 concedatur,
666 2649 855 2734 quaeritur,
883 2668 942 2716 cnr
963 2670 1034 2716 non
1060 2653 1149 2716 idem
1166 2674 1272 2740 aequo

220 2737 273 2806 vel
293 2739 420 2802 maiore
443 2735 524 2802 adeo
548 2734 620 2799 iure
643 2734 737 2800 alteri
751 2735 925 2800 tribuatur.
967 2738 1043 2801 vid.
1061 2739 1161 2803 Tom.
1182 2747 1212 2804 1.
1238 2763 1273 2826 p.

218 2825 293 2890 849.
338 2823 582 2909 Comparantur
604 2817 689 2886 duae
703 2843 756 2886 res
772 2821 922 2908 aequales
943 2823 996 2886 vel
1017 2824 1156 2900 similes,
1180 2817 1274 2911 quasi

218 2907 401 2976 absurdum
429 2907 488 2986 sit,
526 2905 590 2970 nisi
611 2905 663 2983 id,
694 2905 784 2992 qnod
799 2907 839 2970 in.
859 2907 959 2972 altera
984 2909 1095 2974 locum
1119 2909 1275 2978 habetet

106 3016 109 3021 “
218 2997 428 3081 agnoscitur,
454 2993 553 3056 ctiam
568 2991 604 3058 in
627 2991 727 3056 altera
743 2992 856 3056 locum
873 2992 989 3058 lrabeat
1014 3007 1045 3060 et
1062 3007 1271 3086 agnoscatur.

216 3080 332 3168 ·Logici
356 3078 523 3228 appellant
549 3079 868 3164 argumentationem
892 3101 910 3142 a
934 3081 1066 3146 minore
1090 3080 1130 3148 ad
1155 3084 1272 3162 maius,

217 3176 269 3248 et,
293 3175 330 3230 ut
352 3167 407 3229 cri
429 3165 574 3245 malunt,
600 3185 618 3226 a
636 3164 762 3228 maiore
778 3165 818 3238 ad
834 3164 962 3238 minus:
986 3161 1165 3256 utrumque
1183 3191 1271 3248 vere,
1296 3221 1299 3228 .

218 3273 324 3339 quum
349 3250 502 3316 accedere
525 3249 650 3336 possit,
682 3249 777 3334 qnod,
795 3251 900 3336 magis
925 3253 1105 3335 miremur,
1134 3256 1274 3322 alteram

216 3360 291 3412 rem
315 3337 393 3401 satis
416 3338 483 3402 iam
508 3344 670 3399 constare.
723 3334 825 3415 Quod
848 3347 956 3408 tamen
981 3361 1048 3410 uon
1069 3359 1201 3428 semper
1223 3340 1275 3421 fit,

129 3425 130 3428 ’
220 3421 316 3486 sicuti
344 3419 668 3496 existimatBeierus
693 3421 732 3484 ad
754 3423 822 3486 Cic.
849 3423 888 3486 de
913 3423 979 3488 Off.
1002 3432 1032 3501 t,
1057 3431 1172 3512 sup.
1197 3428 1271 3504 245.

217 3507 317 3595 Ergo
337 3517 370 3572 et
386 3505 516 3570 deducit
531 3507 851 3591 argumentationem
872 3530 912 3571 cx
929 3509 1215 3592 antecedentibus,
1239 3523 1273 3580 et

219 3595 323 3660 nectit
336 3592 508 3658 veritatem
526 3591 715 3676 utriusque,
743 3613 826 3677 qnae
841 3595 1039 3680 exponitur,
1059 3598 1106 3663 rei
1123 3597 1291 3662 affirma-¹¹

145 3735 146 3743 ,
218 3681 325 3744 tione:
347 3675 659 3742 ano—wirttict.
705 3677 817 3758 Quare
829 3701 963 3766 semper
984 3680 1024 3745 ab
1045 3684 1141 3749 initio
1161 3705 1270 3749 enun-

215 3763 359 3838 tiationis
377 3763 521 3852 ponitur.
945 3770 949 3780 “
1025 3783 1029 3791 ’
1131 3809 1155 3838 ,ι

321 3864 478 3920 Gic.''l'usc.
494 3862 575 3928 217,
591 3862 634 3918 39.
651 3881 716 3934 ergo
732 3865 798 3918 ltnec
813 3871 953 3920 caucasis
970 3865 1045 3925 niitss
1056 3869 1150 3934 succro
1162 3873 1269 3938 poterit,

286 3952 377 4004 doctm
401 3949 443 4002 cir
464 3949 619 4018 sapiensque
641 3966 695 4002 non
712 3947 834 4017 poterit?
859 3949 885 4014 2,
900 3949 943 4016 lt,
958 3949 1001 4007 41,
1030 3951 1056 4016 1,
1074 3952 1116 4020 14,
1133 3953 1176 4007 31.
1203 3973 1269 4025 ergo

178 4053 181 4062 ¹
284 4023 482 4090 artarer'serct
502 4033 619 4103 diligens
640 4033 779 4103 agricola,
814 4053 927 4104 quarum
948 4036 1087 4104 adspiciet
1101 4039 1194 4092 bucam
1213 4040 1269 4109 ipse

213 4171 215 4182 ,
283 4112 435 4188 numquam,
455 4116 499 4170 nir
512 4134 628 4190 magnus
642 4118 723 4187 leges,
741 4118 874 4194 instituta,
894 4137 948 4172 reus
961 4113 1096 4189 pullicum
1110 4139 1164 4174 non
1177 4124 1268 4180 scrut

164 4253 168 4260 ,
282 4203 326 4260 lta
348 4201 424 4260 codd.
445 4203 589 4266 conserte.
614 4201 648 4270 de
671 4200 732 4258 Fiu.
749 4202 775 4269 2,
794 4203 838 4271 ὅθ’,
861 4204 933 4268 110.ι
945 4223 1012 4276 crgo
1033 4202 1268 4263 intestinorum
