2782 4730
398 501 399 506 Ν
503 419 760 490 ΕΤιιιιιιιιιι.
861 469 873 483 .
1091 385 1163 490 cor
1230 397 1233 402 ’

203 577 261 634 cic.
276 571 502 644 auumlule.
522 579 649 640 cuiusrei
662 595 717 630 non
730 573 808 629 modo
823 591 878 628 non
889 577 1156 648 praeteriittempus,
1234 566 1236 570 ’
1326 559 1329 564 ’

165 666 212 716 sed
234 683 267 717 ne
294 657 430 718 maturum
456 664 561 731 quidem
590 664 742 715 etiamnunc
764 678 823 713 meo
842 661 948 729 quidem
969 662 1069 734 indicio
1087 663 1156 728 suit.

168 749 249 802 ovid.
261 750 284 800 F
286 756 336 803 ast.
351 749 378 814 3,
394 746 455 800 6113.
476 749 552 822 plebs
573 753 648 798 uetus
668 753 694 798 et
709 745 791 798 nullis
804 746 951 797 etiamnum
966 753 1027 798 tuta
1042 737 1158 799 tribunis

160 836 267 904 sugit,
281 844 307 889 et
321 837 350 887 in
366 833 437 886 socri
456 832 552 884 uertice
566 831 663 883 montis
687 832 752 896 abit.
789 830 869 884 Ovio.
886 832 962 883 Fosi.
978 830 1005 895 3,
1024 830 1084 884 155.
1110 832 1158 884 sed
1252 853 1255 860 ’

120 945 123 955 =
165 927 256 973 tomen
277 915 408 974 errabunt
430 917 576 970 etiamnum
596 923 735 990 temporo,
763 916 845 967 donec
869 916 1001 982 Caesaris,
1015 917 1045 967 in
1067 916 1158 968 multia

167 1006 234 1060 leaeo
250 1023 350 1075 quoque
364 1021 429 1056 cura
440 1005 507 1070 fuit.
543 999 652 1070 Apulei.
668 1002 735 1054 Met.
750 999 898 1069 pleuto.
917 1008 1023 1072 elego,
1041 1009 1071 1053 ut
1083 1019 1159 1054 eram

166 1093 319 1144 etiamnunc
336 1089 410 1141 homi
423 1089 570 1165 proiectus,
587 1085 722 1138 inanimus
737 1079 896 1154 —iuquam
911 1091 963 1154 etc.
981 1087 1056 1140 Flos.
1070 1085 1096 1152 4,
1111 1087 1156 1152 12,

115 1181 118 1186 ’
144 1243 145 1246 ¹
167 1174 210 1228 45.
231 1176 367 1245 superstiti
380 1176 524 1226 etiamnum
541 1172 652 1224 Caesari
664 1171 803 1236 satisfecit.
827 1169 981 1224 Plinliist.
993 1175 1025 1224 ιι.“
1035 1168 1078 1237 35,
1088 1171 1114 1236 3,
1128 1170 1155 1226 5.
1227 1229 1232 1237 ,
1316 1183 1319 1190 ’

71 1315 76 1328 ,
164 1261 249 1330 primi
271 1277 405 1312 erercuere
425 1259 535 1312 Ardices
556 1257 707 1309 Corinthius
725 1263 750 1308 et
768 1257 930 1325 Telephanes
946 1256 1085 1324 Sicyonius
1100 1257 1158 1310 sine
1239 1253 1240 1260 ’

163 1346 220 1396 ullo
235 1346 379 1396 etiamnum
395 1347 488 1397 colore.
526 1343 606 1398 caes.
621 1343 655 1393 B.
671 1342 740 1410 gall.
751 1339 777 1405 1,
785 1339 828 1392 62.
846 1350 876 1394 at
890 1341 990 1393 incerto
1006 1342 1158 1396 etiamnunc
1263 1367 1266 1378 ν

165 1431 240 1490 exitu
262 1430 389 1484 uictoriae
410 1447 490 1500 quum
508 1423 634 1498 septimae
650 1427 763 1495 legionis
779 1426 893 1478 tribunis
906 1433 973 1480 esset
986 1428 1157 1494 martiatum,

168 1532 237 1584 quae
257 1516 286 1566 in
304 1515 411 1566 sinistro
435 1531 517 1565 cornu
529 1518 688 1584 gererentur
703 1514 752 1563 etc.
767 1511 889 1562 ‘Coraci
905 1512 996 1564 Hono.
1012 1509 1038 1576 4
1054 1510 1080 1563 3.
1097 1511 1158 1582 'qua

102 1611 105 1622 '
165 1596 320 1653 valetudine
342 1617 421 1668 quum
443 1599 595 1650 etiamnunc
619 1603 783 1665 premeretur
806 1595 949 1664 lecticaque
964 1597 1102 1661 ferretur,
1127 1596 1158 1651 G.
1197 1605 1199 1612 ’

151 1679 382 1775 kFlsminium--
398 1684 501 1736 occidit.
533 1681 621 1734 Varro
637 1679 758 1732 doRcr.
774 1679 889 1750 1,31,5
912 1675 1159 1749 Atlsenisiniryceo

151 1737 247 1839 kpurim
262 1769 549 1838 etiamnumplatanus
562 1767 667 1838 nouella
682 1772 764 1830 esset,
785 1741 889 1817 radices
902 1767 985 1818 trium
998 1773 1023 1818 et
1040 1767 1161 1836 triginta
1180 1801 1187 1812 .

166 1856 314 1908 cubitorum
324 1853 420 1923 egisse.
454 1851 590 1904 Victorius
602 1849 722 1903 corrosit
734 1850 895 1902 etiamtunc:
914 1869 1010 1904 omnes
1024 1859 1159 1920 postcunt

166 1943 340 2006 receperunt.
375 1936 474 2004 virgil.
486 1937 591 2006 Georg.
603 1935 629 2002 4,
640 1933 709 2002 135,
719 1953 799 2003 auum
815 1937 899 1988 tristis
915 1933 999 1992 hiems
1013 1940 1159 1991 etiamnum

163 2026 273 2094 frigore
288 2040 355 2076 sara
369 2027 517 2089 rumperet,
544 2027 570 2072 et
589 2019 679 2088 glacie
699 2038 789 2072 cursus
806 2025 932 2086 frenaret
948 2041 1095 2091 aquarum,
1113 2025 1161 2076 ille

167 2127 271 2162 comam
284 2107 371 2160 mollis
386 2107 440 2186 iam
455 2105 581 2158 tondebat
597 2103 743 2170 hyacinthi.
777 2103 869 2157 Pollio
887 2106 922 2157 ad
936 2106 994 2159 cic.
1011 2107 1098 2176 Epist.
1115 2107 1162 2174 10,
1195 2097 1196 2100 “

165 2193 211 2257 32,
224 2191 267 2246 14.
293 2192 445 2260 epistolam,
471 2207 550 2258 quam
564 2175 668 2255 Balbo,
696 2205 775 2258 quum
796 2190 946 2242 etiamnunc
969 2192 998 2243 in
1019 2193 1161 2260 pruvincia

132 2321 136 2326 .
169 2285 254 2342 esset,
276 2277 386 2344 scripsi,
413 2274 554 2344 legendam
570 2274 620 2352 tili
634 2273 702 2326 misi.
735 2272 845 2347 Apulei.
867 2273 934 2328 Met.
949 2274 974 2327 7.
994 2294 1019 2344 p.
1038 2277 1098 2341 191,
1116 2265 1164 2334 11.-

168 2363 282 2418 Sucton.
303 2361 367 2415 oth.
385 2358 410 2412 9.
438 2358 550 2410 residuis
565 2359 729 2434 integrisque
748 2359 913 2423 etiamnunc,
942 2377 1008 2427 quas
1022 2378 1106 2412 secam
1123 2362 1162 2416 art

145 2501 147 2510 ,
169 2449 297 2508 secundos
316 2463 391 2500 casus
413 2444 572 2500 detinuerat.
595 2441 656 2498 ubi,
668 2443 703 2494 ci.
726 2444 822 2495 Burm.
842 2447 870 2494 et
885 2442 1008 2496 Oudend.
1024 2444 1160 2511 lustin.8‚
1202 2477 1203 2486 ι

145 2520 148 2526 ’
171 2531 230 2597 4,1
247 2533 359 2602 foedum
368 2547 478 2600 prorsus
493 2529 720 2596 miserandumque
731 2528 906 2595 spectaculum
917 2527 1057 2580 Graeciam
1067 2529 1162 2580 etiam

121 2631 123 2636 ⁴
171 2634 241 2670 nuuc
256 2625 281 2670 et
294 2617 395 2669 uiribus
413 2617 449 2666 et
463 2607 600 2683 dignitate
612 2613 682 2668 orlis
698 2619 834 2685 terrarum
854 2612 933 2684 princ
924 2611 1003 2710 ipem
1017 2639 1052 2655 -
1065 2613 1162 2666 alienis

172 2704 301 2757 comeare
318 2702 431 2754 sedibus.

208 2807 288 2872 Quae
303 2802 462 2873 Herzogius
480 2803 514 2856 de
529 2801 688 2857 discrimine
703 2804 803 2855 horum
823 2801 972 2857 verborum
992 2800 1027 2854 ad
1046 2799 1161 2858 Sallust.

171 2888 215 2959 52,
225 2891 269 2945 22.
288 2890 417 2964 disputat,
433 2891 505 2942 falsa
517 2896 587 2956 sunt,
605 2896 680 2948 certe
690 2879 747 2943 uon
755 2886 882 2942 distincte
898 2904 1026 2954 expressa
1036 2887 1140 2942 vorbis.
1188 2898 1192 2904 ’
1261 2883 1264 2888 ’
1281 2952 1284 2970 .

207 2992 239 3043 In
254 2994 308 3050 huc
322 3013 388 3050 vero
405 2994 594 3050 coniunctione
610 3011 672 3045 oum
689 2991 848 3061 praeteritis
861 2974 941 3046 'facia
957 2993 1111 3060 Wagnerus
1126 2991 1162 3048 ud
1263 2983 1268 2994 ¹

170 3074 272 3145 virgil.
296 3069 364 3134 B‘uc.
386 3079 412 3142 2,
434 3077 476 3131 41.
503 3079 553 3130 Ge.
574 3077 600 3142 4,
624 3077 684 3132 135.
714 3077 866 3144 arbitratur
891 3076 1019 3146 usurpari
1042 3077 1161 3132 formam

170 3163 331 3227 etiamnum,
350 3180 420 3230 quac
436 3163 472 3225 sit
492 3165 598 3214 damals
615 3163 697 3226 noch,
723 3161 959 3222 uenationum,
987 3177 1057 3226 quac
1073 3159 1163 3229 signi-

171 3247 237 3306 ,ficet
246 3249 316 3314 jetzt
331 3249 415 3299 nocio:
434 3247 556 3314 adeoque
566 3247 724 3300 existimare
735 3224 844 3301 videtur
854 3245 998 3298 etiamnum
1012 3261 1162 3312 numquam

173 3332 476 3400 diciderepraesonte.
515 3331 599 3384 Cuius
615 3328 814 3384 observationis
831 3327 1162 3395 omnisruefugitratio
1266 3367 1287 3399 Ι.
1336 3373 1339 3378 ι

111 3487 114 3492 Α
175 3420 258 3476 Certo
275 3417 347 3486 apud
361 3416 517 3474 Pollionem
537 3421 566 3468 et
585 3416 668 3488 apud
674 3413 833 3472 Cornelium
849 3419 877 3470 ct
892 3411 964 3481 opud
979 3410 1047 3467 ulios
1064 3411 1161 3483 optimi
1255 3428 1257 3432 ’

137 3495 140 3504 '
175 3503 284 3556 codices
299 3503 433 3572 praebent
443 3503 602 3560 etiamnunc
659 3551 662 3554 .

210 3608 269 3665 (lie.
283 3608 359 3664 hoel.
375 3606 402 3671 3,
418 3606 462 3662 11.
496 3612 613 3662 senectus
635 3604 705 3660 enim
728 3601 847 3672 quamuis
872 3618 926 3657 non
949 3600 984 3653 sit
1002 3601 1110 3676 grauis,
1131 3608 1164 3656 ut

147 3677 151 3701 ‘
174 3695 283 3747 memini
310 3694 438 3762 Catonem
462 3687 532 3745 anno
554 3697 718 3757 ante'quom
740 3695 858 3740 mortuus
879 3694 917 3739 est
942 3702 1041 3737 mecum
1062 3693 1086 3739 et
1104 3704 1163 3738 cum

175 3777 298 3846 Scipione
316 3779 457 3842 disserere,
482 3783 572 3834 tamen
586 3778 676 3841 aufert
690 3791 747 3825 eam
759 3772 938 3835 viriditatem,
953 3770 983 3843 in
1000 3787 1051 3838 qua
1067 3771 1162 3824 etiam-

174 3879 245 3916 nunc
260 3870 319 3917 erat
334 3863 431 3936 Scipio.
472 3861 516 3916 Ita
537 3859 649 3931 plurimi
670 3864 697 3911 et
712 3855 809 3924 optimi
830 3855 925 3920 codd,
943 3853 992 3907 alii
1007 3855 1162 3920 etiamnum,

176 3947 226 4002 olii
241 3947 404 4036 etiamtunc:
423 3946 495 4014 quod
510 3943 701 4015 comprobavit
715 3940 852 4006 Orellins,
871 3945 899 3992 et
915 3938 975 3991 iuro
990 3937 1110 4007 quidem.

191 4080 222 4168 ⁹⁵)
251 4081 465 4146 Etiamnunc
484 4092 517 4146 ot
535 4083 609 4155 iam
624 4105 715 4147 nunc
731 4071 869 4150 confusa
883 4075 958 4145 vide
974 4073 1062 4166 apud
1078 4075 1164 4142 Cor-

106 4167 192 4234 tium
212 4167 253 4236 ud
275 4165 408 4236 scitust.
430 4167 535 4257 Iug.1
520 4165 626 4252 019
608 4193 639 4236 a.
