2782 4730
471 313 784 447 Exsuvnusvu.
1084 361 1152 438 ees
1222 390 1226 397 ·

98 509 173 579 tisis
196 508 289 574 istius
304 505 480 596 temporis.
523 505 575 572 De
595 503 716 574 formis
739 505 901 576 adversus
917 520 951 574 et
966 509 1153 583 adversum

100 595 246 666 diximus
281 593 384 658 Tom.
405 591 432 656 l.
454 615 488 678 p.
508 595 579 654 179.
625 590 692 671 Qui
711 593 913 680 scripserunt
935 617 976 664 eu
991 595 1152 665 adversus

98 680 189 770 apud
214 679 297 746 Pliu.
322 677 466 744 Histsn.
492 678 524 756 6,
551 677 602 756 16,
633 679 684 740 18.
706 677 755 772 ‘ia
781 681 893 744 animo
921 677 1088 749 habebunt
1112 703 1152 746 etc

97 789 204 863 auec,
238 788 278 830 ex
300 774 399 852 post,
435 780 519 854 quse
546 761 789 854 recentissimae
819 763 932 834 scistis.
959 785 1036 832 usus
1063 787 1150 853 pro-

98 863 230 917 creavit.
398 881 414 917 s
1095 849 1104 868 ⁹

199 968 334 1024 Priscian.
349 985 376 1035 p.
393 961 455 1018 iii.
473 966 579 1032 amnas
592 971 680 1023 autem
695 963 728 1024 ed
747 961 876 1026 isanriae
890 969 1042 1040 signatam,
1060 967 1151 1037 negt·

163 1056 318 1110 adverbium
332 1049 494 1113 ostenditur,
520 1057 551 1104 ut
567 1049 709 1105 Terentius
725 1049 754 1102 in
769 1051 875 1110 Plvorm.
897 1054 922 1108 ei
942 1053 997 1108 loco
1020 1051 1150 1110 mdccc·

163 1157 222 1192 eum
237 1137 374 1190 tonstrina
390 1140 449 1190 etat
462 1134 601 1201 quaedam.
626 1149 656 1199 p.
670 1131 747 1196 luta.
770 1151 818 1186 nec
832 1152 886 1191 non
903 1137 983 1190 etism
1001 1136 1082 1190 dictio
1095 1143 1152 1199 tata

160 1222 192 1274 in
210 1219 393 1287 compositione
406 1233 485 1284 paam
498 1215 527 1268 in
538 1218 717 1285 appositiones
733 1217 769 1284 ,in
789 1219 981 1288 compositione,
999 1227 1030 1272 ut
1046 1221 1146 1283 Teren·
1169 1247 1171 1254 ν

164 1306 219 1358 tius
232 1305 261 1355 in
275 1303 431 1354 Phormione
443 1287 614 1353 exaduersum
636 1302 662 1353 ee'
683 1303 738 1353 loco
757 1319 808 1370 pro
831 1297 993 1356 caenum·
1012 1305 1149 1356 Burman·

89 1404 92 1410 s
164 1403 231 1454 num
251 1385 357 1438 refellit
380 1383 589 1452 Oudendorpius
613 1385 648 1442 ad
669 1385 746 1443 Suet
770 1386 849 1440 (isos.
862 1385 905 1443 39.
935 1405 1017 1457 quem
1031 1385 1148 1441 vidend

163 1469 272 1542 Apulei,
289 1471 365 1528 Flos,
382 1487 409 1544 p.
424 1467 467 1522 to.
497 1468 540 1521 Gi.
557 1459 678 1522 Gronov.
693 1470 728 1522 nd
744 1468 816 1528 Geli.
833 1470 877 1535 ll,
891 1470 934 1524 22.

179 1613 209 1686 1.
232 1607 435 1698 significatio
460 1629 496 1672 cu
519 1615 585 1688 est,
617 1628 716 1696 quem
741 1607 925 1674 Priscianus
943 1607 1076 1696 posuit,
1104 1627 1146 1680 ex

96 1691 252 1776 adverso,
276 1693 465 1782 eregione:
489 1715 566 1757 nem
590 1715 631 1756 ex
651 1691 775 1764 indicat
795 1715 866 1760 rem
886 1716 928 1758 cx
945 1691 1146 1788 aliquo'loco

94 1777 154 1844 sub
167 1777 360 1866 adspectum
375 1779 485 1844 venire
503 1789 535 1842 st
562 1799 600 1842 ue
617 1778 661 1844 its
674 1779 873 1844 contrarium
890 1801 975 1844 esse:
1001 1801 1069 1842 oon
1079 1801 1146 1866 ge-

92 1862 324 1952 gemiberleer.
348 1864 400 1928 ef.
411 1801 703 1939 Gitandbservat,
721 1887 755 1950 p.
765 1863 928 1951 86(176.).
951 1863 1145 1928 Gebhsrdus

85 1949 128 2014 'et
143 1949 257 2014 Bosius
273 1949 313 2014 sd
329 1949 463 2014 Cornel.
483 1945 607 2012 Thera.
624 1953 655 2028 δ,
667 1949 698 2012 4.
733 1947 853 2013 Thess.
871 1955 902 2029 2,
913 1953 945 2014 7.
975 1948 1037 2013 lac.
1054 1951 1145 2014 Gro-

94 2035 213 2184 npvius
235 2032 277 2104 ad
301 2033 440 2126 Sueten.
458 2031 552 2101 Caes.
570 2035 624 2102 89.
656 2033 802 2124 appellat
829 2033 957 2100 doctius
982 2057 1081 2122 quam
1106 2057 1146 2104 ex

94 2141 117 2184 (d
146 2141 250 2187 verto·
311 2151 318 2172 l

198 2237 290 2292 Plsut.
296 2237 400 2290 Bscclr.
407 2236 434 2301 4,
440 2235 466 2301 i,
475 2233 519 2290 37.
536 2236 613 2290 video
623 2235 796 2294 exadversum
806 2236 975 2309 Pistoclerum
990 2246 1015 2294 et
1031 2239 1145 2300 Bacclsi·

163 2324 230 2377 dem.
267 2323 379 2374 Terent.
399 2321 512 2379 Phorm.
529 2321 554 2388 l,
571 2322 598 2388 2,
613 2321 656 2379 43.
681 2341 713 2376 ea
735 2323 789 2380 sita
810 2331 868 2376 erat
886 2324 1068 2376 exadversum.
1093 2323 1144 2382 Aa

161 2406 187 2472 4,
202 2408 229 2472 2,
244 2405 287 2462 44.
303 2407 376 2474 apud
391 2405 476 2474 ipsum
489 2408 578 2462 lacum
592 2415 631 2463 est
642 2408 778 2476 pistrilla,
797 2416 822 2461 et
836 2409 1011 2463 exadvorsum
1022 2405 1144 2472 setrico.

159 2490 240 2560 Apud
262 2491 373 2566 Sueten.
398 2492 476 2548 caes.
492 2489 535 2544 39.
560 2492 639 2560 inque
652 2509 744 2545 earum
760 2492 843 2548 locum
863 2493 925 2544 leina
938 2498 1031 2552 ‚vaura
1044 2507 1077 2542 esc
1094 2491 1144 2543 ad·

160 2593 236 2630 verso
264 2576 465 2644 constituerant.
502 2582 618 2643 quatuor
640 2575 722 2634 ,codd
746 2577 917 2636 exadversum
946 2576 1087 2643 praebent.
1117 2574 1145 2626 in

162 2659 258 2714 Tiber.
270 2657 326 2714 33.Ι
341 2659 394 2711 duo
410 2666 525 2717 tautum.
559 2661 669 2729 Apulei.
684 2661 759 2717 Flos.
777 2678 802 2728 p.
817 2658 877 2724 353,
892 2658 935 2712 35.
962 2678 1015 2712 sese
1037 2661 1144 2728 quisquc

160 2746 335 2798 exadversum
351 2761 430 2812 wem
445 2745 564 2812 praeisse
581 2747 698 2802 collocat.
733 2746 822 2798 Amm.
837 2747 924 2803 llaec,
942 2745 985 2810 23,
1001 2742 1028 2809 6,
1046 2744 1089 2801 72.

195 2848 265 2922 llum
280 2845 372 2898 dativo
395 2846 509 2900 Terent.
531 2846 583 2900 Ph.
591 2825 619 2912 1,
633 2847 659 2913 2,
673 2847 716 2900 38.
734 2848 774 2898 -in
791 2865 840 2916 quo
858 2849 923 2900 lsaec
937 2847 1052 2900 discebat
1068 2847 1141 2912 tudo,

159 2933 330 2986 encaenium
346 2932 370 2982 ei
385 2933 440 2984 loco
455 2932 589 2986 tonstrina
599 2940 658 2984 erut
671 2934 810 3000 quaedam.
828 2930 877 2983 ubi
891 2929 1009 2984 Bentlei.
1036 2929 1143 2997 Apulei·

156 3017 236 3083 Apol.
254 3033 279 3082 p.
288 3015 348 3080 28l,
357 3015 382 3071 2.
398 3034 444 3067 cnr
457 3034 523 3068 cava
537 3017 660 3084 specula,
677 3018 702 3068 si
715 3015 888 3071 exadversum
903 3016 953 3069 soli
966 3015 1139 3078 retineantur,
1228 3027 1229 3030 ’
1332 3013 1333 3016 ’

52 3141 54 3146 -
160 3101 307 3170 oppositum
315 3101 437 3165 fomitem
454 3101 609 3152 accendunt.
630 3100 733 3151 Florid.
752 3117 781 3166 p.
796 3097 857 3164 353,
872 3098 916 3151 23.
950 3099 1044 3152 Samos
1059 3097 1143 3151 icario

159 3188 189 3240 in
210 3185 280 3240 masi
303 3185 406 3236 modica
427 3184 518 3237 insula
541 3185 774 3254 eet'exadoersam
797 3184 905 3248 Mileto,
929 3185 966 3236 ad
988 3184 1144 3235 occidentem

159 3273 215 3326 sisu
227 3269 288 3324 sita.
322 3269 366 3323 Its
379 3267 554 3324 scribendum
568 3285 645 3333 esse,
663 3285 718 3328 uos
726 3269 847 3334 Miletos,
863 3283 956 3324 omues
973 3267 1064 3330 critici
1080 3283 1144 3320 con-

159 3355 286 3415 sentiunt.

193 3454 366 3524 Praepositio
382 3471 444 3508 cum
459 3451 619 3508 accusativo
633 3453 791 3523 composite.
826 3455 885 3508 (lic.
895 3455 936 3508 dc
950 3453 1043 3508 Divis.
1058 3452 1084 3517 1,
1096 3450 1141 3517 45,

161 3541 222 3596 131.
241 3560 293 3595 ara
308 3543 376 3594 enim
392 3541 444 3592 Aio
458 3539 602 3608 Loquenti,
620 3557 698 3606 quaec
715 3547 817 3608 septam
832 3541 966 3604 videmus,
982 3539 1143 3613 exadversus

159 3628 314 3680 cuntorum
329 3631 480 3680 mnsecrata
496 3631 541 3678 est.
561 3624 634 3676 Vnus
651 3624 711 3676 cod.
722 3627 904 3678 exadversum.
926 3621 1141 3680 cornelTlseru.

158 3705 186 3773 3,
201 3708 226 3762 4.
246 3729 295 3779 quo
305 3702 411 3780 sactum
427 3717 479 3774 cst,
500 3715 532 3772 ut
548 3710 581 3763 ad
599 3709 739 3764 Artemisio
756 3708 916 3760 discederent
930 3715 954 3760 et
968 3707 1142 3764 exadversum

159 3795 279 3847 Athenas
295 3797 368 3864 apud
384 3795 526 3848 Salamina
541 3795 651 3847 classem
667 3809 743 3844 masa
757 3793 950 3846 constituerent.
985 3789 1057 3843 Plin.
1068 3788 1142 3841 llist.
1177 3793 1183 3812 ‘

159 3893 187 3930 u.
200 3876 226 3942 6,
242 3877 284 3942 13,
299 3878 340 3930 18.
364 3897 431 3948 gens
447 3879 513 3932 leaeo
532 3879 630 3932 attinet
651 3893 746 3936 osaea
768 3877 862 3934 montis
874 3875 1043 3946 Paropanisi
1057 3875 1140 3925 exad-

158 3977 248 4018 atrsas
256 3965 348 4029 sontes
362 3963 431 4018 indi.
533 4003 537 4014 .

175 4083 208 4144 2.
241 4077 316 4142 Non
343 4079 465 4164 vulgari
490 4080 614 4158 modo,
644 4082 671 4146 si
696 4078 793 4144 verba
813 4079 946 4162 'integro
968 4085 1064 4152 sunt,
1089 4073 1141 4136 lo-

93 4173 214 4250 quutus
231 4173 280 4230 est
295 4163 430 4230 Gornel.
450 4165 537 4254 Nep.
558 4165 676 4232 Thra.
696 4171 728 4247 2,
744 4169 775 4230 7.
798 4165 835 4229 in
850 4159 997 4229 secundo
1012 4158 1142 4246 proelio
1232 4247 1233 4254 ἵ
