2782 4730
254 369 319 436 ott
693 379 694 386 ¹
739 357 811 429 EX·

260 529 326 599 est,
366 516 640 604 longinquitatem
663 524 697 579 et
723 514 867 602 spatium
900 510 1108 576 interiectum
1137 507 1311 576 distantiae

261 604 461 691 designaret:
487 621 553 690 quo
569 601 697 666 formae
712 623 752 666 ex
769 599 878 662 maior
893 596 1095 661 tribueretur
1116 597 1176 662 vis.
1208 597 1310 674 Haec,

262 712 343 776 quae
360 711 428 753 non
445 710 539 764 vera,
564 686 619 752 sed
646 686 727 750 falsa
750 683 977 747 observatione
999 681 1151 746 confecta
1168 691 1200 746 et
1216 681 1312 745 omni

260 776 389 840 ratione
406 773 559 837 destituta
576 783 670 851 sunt,
690 769 834 836 refutare
850 768 906 832 vix
923 767 1205 854 operaepretium
1222 765 1312 830 vide-

260 871 326 924 tur.
371 859 460 940 Quid
484 859 571 922 enim
593 856 632 921 ab
653 854 841 918 auctoribus
856 854 988 940 liuguae
1003 853 1122 916 latinae
1138 851 1312 916 absurdius

259 944 371 1096 potuit
387 943 585 1030 excogitari,
614 962 712 1027 quam
730 950 768 1002 ut
791 937 975 1003 tribuerent
998 935 1129 1002 fo'rmae
1154 960 1171 1001 e
1196 937 1313 1032 singu-

275 1053 366 1094 arem
390 1030 456 1094 vim
488 1039 519 1092 et
550 1023 845 1112 significationem,
883 1023 935 1086 cui
963 1032 1072 1086 tamen
1096 1033 1171 1086 ante
1198 1043 1313 1084 omnia
1374 1081 1375 1084 ,

260 1116 417 1194 nomina,
451 1135 534 1198 quae
558 1135 575 1175 a
598 1111 703 1176 vocali
726 1111 907 1195 incipiunt,
937 1107 1048 1171 nullus
1065 1105 1180 1170 fnisset
1194 1103 1312 1172 locusl
1374 1107 1375 1154 ³

166 1266 168 1272 ,
261 1199 301 1267 In
318 1200 516 1264 (1118011111.
535 1197 664 1284 seips.
683 1194 892 1280 ubilugiturt
922 1192 1026 1256 immo
1043 1214 1118 1256 aero
1134 1192 1162 1256 ii
1187 1193 1314 1272 vivunt,

262 1285 321 1372 qui
347 1308 388 1348 ex
411 1305 591 1368 corporum
613 1279 761 1344 vinculis
783 1291 961 1364 tamquam
990 1299 1167 1342 coarcere
1191 1276 1316 1340 evola·

262 1380 363 1438 rant.-
387 1369 539 1434 Moserus
553 1365 725 1430 contendit
748 1386 816 1428 non
831 1362 943 1442 scribi
968 1384 1066 1450 posse
1091 1385 1109 1425 e
1132 1381 1315 1448 corporum

266 1453 408 1519 vinculis
425 1463 563 1540 propter
579 1452 675 1516 istam
694 1448 959 1525 distinctionem,
984 1447 1186 1524 Goerenziup
1203 1457 1315 1510 autem

262 1539 299 1607 in
321 1537 425 1601 labnii
441 1537 558 1602 Annal.
583 1559 616 1622 p.
633 1539 708 1600 298.
730 1533 829 1597 scribi
851 1531 969 1596 debere
994 1533 1049 1596 ita.
1093 1530 1136 1594 Et
1160 1531 1244 1616 quid
1268 1540 1317 1595 est

265 1621 365 1698 illud,
388 1623 476 1706 quod
492 1621 692 1684 Goerenaius
709 1617 787 1682 dicit
802 1617 868 1683 vim
885 1617 991 1680 inesse
1014 1613 1065 1680 vel
1084 1617 1119 1679 in
1144 1617 1317 1702 praeposi-

265 1709 358 1771 tione
385 1707 436 1770 vel
463 1707 497 1769 in
526 1706 694 1784 nomine,
715 1703 778 1766 nisi
807 1702 976 1788 oppositio
1002 1699 1181 1766 verborum
1211 1701 1253 1764 ira
1286 1711 1318 1764 et

265 1788 387 1856 intra?
415 1791 499 1854 Haec
515 1810 594 1854 vero
613 1789 734 1852 centies
751 1809 812 1874 per
835 1786 983 1850 formam
1005 1809 1046 1849 ex
1068 1787 1270 1870 exprimitur
1286 1795 1320 1849 et

265 1887 340 1940 ante
355 1875 483 1940 vocales
504 1884 535 1938 et
551 1883 627 1938 ante
642 1882 873 1944 consonantes.
912 1871 986 1958 lpse
1003 1892 1080 1935 vero
1099 1871 1318 1951 Goerenzius,

265 1961 307 2026 de
319 1959 385 2023 hoo
401 1959 589 2024 discrimine
602 1981 709 2044 agens,
726 1959 770 2022 ait
784 1959 817 2020 iu
830 1957 908 2021 loco
920 1957 1028 2040 aliquo
1039 1956 1206 2019 Ciceronis
1223 1979 1317 2042 equo

292 2067 330 2108 ro
347 2043 408 2109 sed
428 2067 476 2108 cx
498 2045 561 2108 hoc
578 2046 724 2128 positum
742 2065 819 2120 esse,
840 2053 871 2106 et
887 2043 926 2106 de
939 2041 1011 2108 Fto.
1028 2042 1059 2119 4,
1077 2045 1126 2120 17,
1141 2045 1195 2104 48.
1218 2064 1260 2104 ex
1277 2064 1318 2106 ea

155 2131 169 2144 ‘
264 2068 350 2196 bene
385 2129 519 2215 quidem
551 2129 614 2193 dici
644 2149 707 2215 pro
740 2138 875 2194 naturae
909 2126 1158 2200 convenienter,
1199 2147 1319 2212 qnam-

268 2215 422 2305 quemad
439 2219 470 2293 ὃ,
491 2217 539 2291 18,
558 2219 610 2277 60.
629 2215 706 2292 et4,
720 2219 771 2289 11,
787 2216 837 2294 211.
857 2210 1080 2282 contenderat,
1098 2213 1241 2295 pessime
1255 2211 1321 2298 legi

267 2323 310 2366 ec
331 2311 461 2362 actara
486 2321 548 2384 pro
578 2310 747 2362 enatura
776 2298 819 2360 ob
845 2298 979 2361 sensuin
1003 2296 1178 2360 diversum.
1230 2297 1320 2360 Haeo

234 2411 237 2420 ·
267 2380 355 2448 tutet
370 2407 404 2448 ee
424 2383 599 2447 concilient
620 2383 693 2459 alii,
721 2404 791 2445 non
817 2403 889 2466 ego.
931 2381 1046 2466 Neque
1066 2379 1241 2444 Ochsnero
1266 2405 1320 2444 us-

268 2469 383 2533 sentiri
401 2489 554 2554 possum,
583 2470 639 2553 qui
659 2466 832 2552 inEclog.
849 2489 882 2552 p.
899 2466 971 2529 214.
1000 2489 1017 2529 e
1041 2485 1117 2528 curn
1141 2465 1273 2530 maiore
1288 2466 1319 2531 ri

295 2563 447 2638 ropterea
470 2554 552 2637 poni
572 2575 671 2638 posse
693 2561 858 2631 autumat,
881 2549 970 2636 quod
996 2550 1171 2616 clariorem
1195 2573 1318 2616 sonum

268 2575 397 2702 babeat.
438 2637 522 2700 Nam
549 2637 690 2701 crassior
711 2647 760 2700 est
783 2657 882 2722 quam
910 2660 969 2714 ex,
993 2637 1025 2699 in
1056 2659 1122 2722 quo
1144 2635 1274 2700 Probus
1291 2643 1319 2716 1,

271 2727 323 2802 ta,
342 2728 371 2786 1.
396 2732 509 2792 narrat
524 2721 656 2787 brevem
673 2720 853 2807 syllabam,
868 2721 925 2786 sed
943 2722 1109 2808 positione
1121 2720 1320 2807 productam

270 2829 350 2872 esse.
400 2807 514 2870 Cicero
541 2807 634 2872 Orat.
659 2810 711 2886 47,
738 2808 809 2871 158.
843 2830 893 2869 ex
928 2828 1006 2869 nera
1031 2805 1155 2870 dicarat
1180 2817 1256 2884 cte
1278 2829 1321 2872 re

264 2889 470 2981 publiea,
491 2891 634 2978 quod‘in
650 2891 759 2954 altero
776 2891 900 2954 accolis
916 2889 1126 2976 excipriebat,
1148 2891 1188 2956 iu
1209 2893 1320 2956 altero

266 2979 357 3040 'esset
373 2976 561 3061 asperitas,
589 2977 659 3041 nisi
680 2975 1068 3058 littoramesustulissce,
1091 2988 1128 3040 ut
1153 2978 1322 3064 exegit,

261 3060 397 3125 'edixi
404 3072 430 3125 t.
472 3060 577 3146 Igitur
600 3061 748 3148 asperior
770 3083 869 3126 sonus
894 3072 980 3135 erat,
1004 3083 1102 3148 quem
1118 3060 1323 3146 mitigarent,

270 3167 333 3210 nec
356 3155 428 3211 ante
445 3167 560 3212 omnes
579 3156 816 3226 consonantes,
848 3147 905 3211 sed
930 3148 1127 3246 ubicumque
1151 3145 1323 3212 offendere

271 3231 446 3298 videretur.
482 3231 897 3317 11011111111111111111111111
918 3233 1145 3318 antiquissimo
1169 3242 1323 3320 tempore

272 3327 417 3382 servatae
444 3338 624 3402 numquam
651 3327 707 3381 aut
739 3340 814 3382 rnao
845 3316 1016 3382 mutabant
1046 3317 1192 3397 formam
1226 3339 1322 3384 suam

271 3403 473 3490 primitivam
484 3450 503 3480 ,1
514 3402 614 3466 veluti
630 3425 670 3464 ca
686 3413 852 3490 tempore,
881 3425 922 3468 ex
939 3404 1127 3484 sententia,
1152 3426 1193 3468 ex
1202 3415 1322 3488 parte,

273 3511 315 3552 ex
330 3498 420 3560 toto,
443 3511 484 3551 eac
499 3498 692 3572 compacta,
714 3498 746 3552 et
763 3499 878 3553 contra
896 3512 914 3552 c
931 3488 1092 3584 regione.-
1111 3490 1145 3552 in
1170 3487 1242 3552 eliis
1266 3491 1322 3552 in-

274 3583 429 3636 constans
455 3583 523 3634 erat
553 3593 628 3634 usus
655 3582 688 3636 et
712 3575 839 3638 aurium
865 3573 1000 3638 arbitrio
1027 3573 1222 3660 permissus.
1269 3573 1323 3636 Sic

275 3656 444 3722 Sallustius
462 3657 564 3720 rarius
584 3659 783 3744 usurpavite
804 3659 916 3724 desua
933 3659 1179 3722 consuetudine.
1225 3659 1324 3724 Certe

274 3741 423 3806 vocabuli
438 3739 546 3804 forma
565 3760 673 3826 neque
696 3745 782 3831 apud
799 3741 887 3806 hunc
900 3749 1015 3829 ‘neque
1035 3743 1121 3831 apud
1142 3741 1223 3806 alios
1238 3743 1323 3808 scri-

271 3837 388 3912 ptores
405 3827 731 3894 eonsonantllitterae
746 3828 1026 3894 accommodanda
1034 3839 1210 3896 nobonem
1218 3828 1323 3915 signi·

275 3910 436 3980 flectionis
453 3911 654 3978 moderatur.
1001 3924 1006 3936 '

378 4031 420 4084 cf.
436 4029 616 4084 ltndrtimnn.
637 4029 671 4084 Τ.
681 4031 707 4086 2.
725 4029 820 4103 putu.
839 4033 886 4102 qui
901 4051 983 4104 quum
998 4034 1078 4088 docet
1093 4051 1203 4104 semper
1219 4033 1324 4088 dictum

342 4129 402 4166 esse
418 4133 432 4168 e
447 4115 606 4186 longinquo,
625 4133 679 4169 nou
697 4123 865 4186 cognoverat
881 4135 912 4175 ec
928 4117 1144 4192 longinquanti
1158 4119 1324 4176 acauno

286 4195 300 4212 ''
343 4196 408 4266 aa
426 4197 467 4256 18.
487 4205 514 4258 et
530 4217 547 4256 1
561 4199 659 4258 Tacito
673 4195 743 4259 111111.
756 4199 783 4270 2,
797 4199 840 4256 82.
