2758 4726
243 362 308 430 166
448 403 452 408 -
682 350 861 425 mauu.

241 525 304 582 est.
344 509 484 578 brevior
504 507 635 588 forma,
669 519 707 573 ut
730 519 833 598 puto,
865 509 910 580 ob
936 520 1087 576 accentus
1111 511 1290 582 difficulta-

240 611 310 684 tem
325 595 409 662 facta
424 605 473 660 eet
487 593 576 659 exin.
618 591 672 658 cf.
694 613 840 660 DEINDE.
883 595 946 662 atii
967 596 1063 662 huius
1078 599 1127 663 rei
1142 595 1290 668 caussam

241 687 277 751 iu
301 693 410 760 metro
436 680 676 768 quaesiverunt.
737 680 868 748 Festusa
908 682 1009 750 exin
1037 686 1141 750 metri
1164 709 1291 752 caruca

241 769 370 836 dieitur
386 789 451 854 pro
473 763 643 832 exinde.
697 766 760 830 Sed
809 765 927 831 rosuici
949 789 1083 854 quoque
1111 770 1292 857 scriptores

242 853 407 932 saforma
432 851 483 916 usi
506 859 594 916 sunt.
636 849 753 916 Cicero
803 854 932 928 retii,
952 853 1022 917 154.
1054 853 1157 922 dein
1181 856 1293 921 etiam

141 1003 143 1008 ,
241 962 346 1027 saepe
380 948 413 1020 et
446 937 546 1002 exin
579 958 644 1026 pro
674 934 836 1004 deinde
871 949 904 1002 et
934 938 1093 1003 exinde
1129 939 1289 1007 dicimus.

241 1029 350 1111 Atque
378 1021 444 1092 hoc
468 1040 572 1088 unum
602 1019 732 1090 videtur
756 1044 826 1086 esse
856 1043 898 1086 ex
922 1021 963 1088 iis
985 1024 1151 1088 vocabulis
1173 1027 1290 1114 singu-

239 1109 382 1185 laribus,
418 1129 501 1196 quue
525 1106 614 1190 apud
637 1106 798 1194 quosdam
821 1109 1000 1194 scriptores
1024 1117 1080 1176 aut
1100 1107 1290 1198 numquam

239 1207 297 1262 aut
312 1216 390 1260 raro
407 1191 628 1260 inveniuntur.
670 1189 755 1260 Nam
779 1189 902 1258 frustra
925 1214 1061 1278 quaeres
1083 1195 1117 1260 in
1135 1195 1289 1274 Terentii

239 1293 274 1348 et
289 1280 375 1349 Celsi
392 1278 501 1346 libriez
529 1299 633 1367 pauca
649 1271 799 1366 exempla
815 1278 968 1365 leguntur
984 1279 1071 1365 apud
1088 1279 1290 1348 Ciceronem

238 1388 347 1454 neque
368 1364 474 1429 ullum
494 1365 528 1429 in
554 1363 757 1430 orationibus
780 1363 859 1431 cius.
901 1361 1034 1431 Tacitus
1055 1365 1190 1454 semper
1206 1368 1289 1434 bre-

238 1453 367 1522 viorem
380 1449 525 1536 formam
541 1450 723 1536 usurpavit.

325 1559 355 1618 1.
379 1549 511 1616 Servius
530 1547 571 1614 ad
587 1550 679 1633 Virg.
698 1551 779 1628 Aen.
794 1553 826 1631 6,
844 1553 918 1615 891.
940 1562 973 1616 et
993 1555 1044 1626 12,
1061 1554 1116 1615 92.
1141 1575 1158 1616 a
1183 1551 1290 1638 pellat

238 1638 432 1705 adverbium
457 1634 580 1701 ordinis
602 1633 787 1722 significans
812 1633 946 1710 deinde.
987 1635 1084 1700 Vnde
1108 1574 1289 1704 Noitenius

264 1726 361 1790 .580.
383 1720 513 1806 negavit
523 1741 595 1786 esse
606 1719 797 1786 adverbium
807 1720 888 1788 toci.
932 1721 998 1787 Sed
1015 1725 1170 1808 primaria
1183 1723 1288 1811 sigui-

237 1748 346 1874 ficatio
363 1817 411 1870 est
427 1804 577 1884 deloco,
599 1826 719 1892 exque
735 1805 858 1892 aliquid
874 1808 960 1872 exit:
982 1807 1071 1894 quod
1089 1830 1158 1872 esse
1175 1820 1288 1894 potest

238 1897 272 1962 et
289 1894 395 1958 exitus
413 1900 447 1956 et
463 1888 619 1960 directior
648 1891 725 1956 inde
751 1913 793 1958 ex
814 1913 854 1956 eo
878 1892 972 1957 loco:
1004 1916 1067 1958 aaa
1089 1893 1139 1958 da
1160 1902 1192 1958 et
1222 1918 1288 1960 con

238 1979 287 2044 da
309 1979 379 2043 her.
428 1977 616 2044 Novissime
646 1987 797 2064 tempore
826 1977 924 2044 etiam
951 1978 1121 2054 dicebatur
1143 2001 1207 2066 pro
1232 2005 1286 2046 ex.

236 2065 383 2134 Medium
404 2083 519 2129 aevum
536 2085 603 2129 nou
620 2062 682 2133 uisi
707 2063 938 2152 metaphoram
954 2065 1053 2129 habet
1066 2065 1102 2130 in
1123 2076 1202 2129 usu:

341 2181 432 2236 Tacit.
446 2182 515 2235 Anu.
536 2180 579 2247 15,
592 2181 635 2239 12.
665 2184 799 2253 regionem
822 2183 1041 2259 Commagenam,
1060 2186 1122 2239 criu
1139 2186 1286 2255 Cappado-

305 2271 390 2334 ciam,
406 2268 468 2321 inde
484 2267 622 2320 Armenios
633 2269 737 2336 petivit.
1000 2267 1015 2304 ⁸

339 2373 429 2425 Plsut.
445 2371 530 2423 Pocn.
546 2367 571 2435 3,
587 2369 612 2422 9.
628 2377 765 2438 utcumque
785 2375 823 2422 eet
842 2374 949 2434 ceatur,
969 2371 1029 2423 eain
1050 2359 1137 2423 111111
1158 2375 1284 2428 vortitur.

304 2453 512 2523 1111111111,
531 2453 612 2519 141.
632 2471 701 2523 quae
714 2452 854 2506 Acidalius
872 2453 1083 2522 interpretatura
1105 2455 1161 2522 ita,
1179 2475 1232 2525 pro
1249 2475 1284 2512 ea

304 2541 420 2596 ratione.
441 2539 504 2592 ·Est
519 2555 602 2604 vcro,
620 2555 655 2592 ex
669 2555 703 2596 eu
716 2538 845 2610 regions,
865 2555 898 2590 cx
915 2545 1051 2606 superte.
1293 2565 1295 2572 ·

341 2643 407 2698 cod.
421 2641 515 2718 lustin.
530 2641 556 2706 1,
572 2640 616 2706 12,
628 2640 654 2700 4.
682 2643 706 2698 ei
725 2643 989 2712 sermascas'sspuam
1010 2643 1039 2695 ia
1060 2645 1193 2698 ecclesium
1208 2648 1283 2702 ulte-

306 2731 380 2785 111111
395 2734 514 2781 armatas
526 2748 561 2768 -s-
576 2727 699 2792 irruerit,
714 2728 809 2783 exinde
823 2728 946 2798 protinas
959 2728 1141 2784 abutebatur.

318 2838 350 2898 2.
372 2831 445 2894 Hoc
466 2827 663 2896 transfertur
682 2827 724 2892 ad
747 2848 894 2892 caussam
918 2832 1156 2908 strationem,
1178 2842 1215 2896 ut
1238 2836 1284 2898 sit

235 2941 277 2986 ex
292 2941 348 2999 eo,
371 2939 411 2983 ex
426 2938 469 2980 ea
483 2914 630 2982 ratione.
677 2911 715 2982 Id
730 2913 957 2981 'recentissima
970 2925 1056 2978 astas
1074 2915 1224 2982 adhibuit
1239 2921 1282 2984 ad

236 2999 474 3090 designandum
504 2998 650 3066 fructum
678 3000 729 3063 vel
754 2999 1007 3064 incommodum
1041 3023 1081 3065 ex
1112 3002 1220 3089 aliqua
1241 3029 1281 3070 re

234 3099 362 3155 natum.
412 3086 585 3174 Scioppius
612 3105 715 3172 quum
743 3084 776 3150 iu
800 3083 919 3152 lusam.
943 3083 1032 3150 Fam.
1059 3110 1091 3174 p.
1108 3093 1139 3152 6.
1165 3111 1281 3177 repre-

233 3175 350 3242 hendit
372 3171 540 3258 Stradam,
583 3172 640 3258 qui
664 3171 747 3237 dixit
773 3170 919 3260 odiaque
943 3171 1065 3236 exinde
1089 3175 1279 3240 animosius

233 3281 442 3338 exercemus,
479 3259 639 3322 terminos
673 3255 873 3322 constituere
908 3257 1036 3339 debuit,
1071 3271 1164 3328 extra
1194 3283 1279 3347 quos

233 3357 358 3496 111ῒῖ11
382 3366 451 3407 non
469 3344 730 3434 egrediebantur.
781 3343 809 3409 11
833 3343 922 3408 enim
946 3364 1016 3408 nou
1040 3343 1190 3440 dicebant
1213 3371 1278 3436 pro

233 3455 277 3500 ea
319 3452 483 3497 ecarassa.
522 3450 526 3470 ·

336 3546 584 3612 1111111111,
597 3547 640 3604 to.
660 3556 691 3601 aa
699 3552 781 3615 fama
796 3554 835 3602 aa
849 3549 963 3615 11111,
985 3551 1044 3616 essa
1058 3518 1279 3620 1111111111

299 3635 426 3691 invenire.
453 3632 560 3718 Apulei.
576 3633 642 3688 Met.
664 3632 689 3686 6.
716 3651 741 3702 p.
754 3632 814 3700 184,
833 3634 859 3692 l.
886 3653 933 3688 uec
950 3635 1092 3704 quidquam
1107 3637 1196 3690 idonei
1211 3639 1279 3691 lucri

298 3722 392 3776 exinde
408 3719 535 3786 cepimus,
552 3719 599 3771 sed
612 3720 731 3796 uulnera.

333 3823 424 3877 Plaut.
438 3821 536 3876 Pseud.
552 3820 578 3887 2,
592 3820 618 3887 3,
633 3821 675 3877 13.
694 3823 850 3896 proindeut
866 3823 971 3891 quisque
979 3825 1096 3888 senuas
1108 3822 1211 3891 utitur,
1235 3825 1278 3878 ita

296 3910 455 3980 praecellets
472 3916 551 3976 utque
564 3908 659 3960 exinde
672 3925 764 3976 sapere
777 3925 835 3959 eum
849 3924 936 3959 omncs
950 3907 1068 3960 dicimus.

335 4011 453 4064 Tertull.
468 4011 528 4064 adv.
536 4004 622 4063 Marc.
638 4009 663 4074 1,
676 4009 718 4064 22.
736 4011 811 4078 botua
827 4011 971 4065 damnatur
984 4011 1013 4063 ia
1026 4017 1136 4066 mortem
1150 4011 1182 4062 ob
1196 4010 1276 4064 uates

298 4096 454 4155 arbusculae
467 4097 651 4150 delibationem
670 4103 695 4148 et
708 4095 800 4152 exinde
810 4096 952 4166 prosiliant
966 4094 1063 4166 dedicta
1075 4112 1135 4148 ctam
1146 4096 1247 4166 poenis.

336 4196 515 4254 1111111.
535 4198 561 4264 1,
584 4196 610 4266 a,
630 4196 673 4256 aa.
699 4214 779 4270 aaa
802 4181 898 4259 atae
915 4198 1135 4266 1111111111
1156 4198 1278 4259 unaco
