2782 4730
564 368 603 400 ,‚
662 286 855 404 iritust.

303 496 392 551 minas
409 493 592 566 septentrionis.
622 508 650 561 p.
672 489 777 549 Flacco
799 492 843 559 nt,
866 489 909 546 66.
931 493 1049 566 equidem
1066 495 1134 552 nint
1155 499 1211 554 iam
1228 505 1289 556 sota

301 587 430 654 'superque
453 581 549 634 dixisse
571 579 663 632 videor
679 580 712 631 de
734 581 845 632 asiatico
868 596 966 648 genere
986 582 1110 637 testium:
1137 588 1184 638 scd
1205 595 1288 640 tomen

302 678 417 736 neuram
433 665 619 732 est„iadiccc‚
638 667 745 730 omnia,
765 682 833 734 qnae
848 665 903 717 dici
914 673 1026 734 possuntt
1040 669 1069 720 in
1082 670 1220 724 hominnm
1232 675 1292 726 leoi-'

301 763 403 818 tatem,
423 751 647 814 inconstantiam,
670 750 862 817 cupiditatem,
889 751 996 803 etiamsi
1010 771 1028 804 c
1044 771 1086 806 me
1098 741 1187 812 minus
1202 759 1289 811 diean-

300 850 363 906 tor,
382 836 477 891 cestris
488 835 586 888 animis
600 842 625 886 et
643 835 807 904 cogitatione
822 838 1051 906 comprehendere.

320 949 372 1008 10.
396 941 659 1024 componuntur
676 937 776 1003 verba
792 938 898 1004 immo
915 941 1073 1025 etiamsi,
1102 941 1168 1008 nisi
1183 941 1289 1028 fallor,

233 1029 321 1120 apud
339 1028 429 1093 solos
448 1025 608 1088 comicos.
1126 1035 1131 1044 „

336 1151 428 1204 Plaut.
437 1145 517 1213 Epid.
529 1143 555 1209 3,
564 1143 590 1210 4,
598 1143 642 1197 81.
659 1147 742 1198 immo
756 1133 864 1201 etiamsi
877 1147 991 1202 alterum
1004 1149 1113 1200 tantum
1123 1149 1289 1216 perdendam

227 1239 230 1250 '
300 1242 354 1300 est,
369 1234 483 1304 perdura
496 1231 585 1300 potios
601 1249 683 1300 quum
697 1235 786 1286 sinam
803 1251 845 1288 me
858 1235 966 1302 impone
979 1235 1151 1286 irrisnmesse
1163 1236 1289 1288 habitam.

299 1315 484 1386 mirante.
511 1333 554 1370 ut.
581 1317 703 1387 Tumpol
717 1335 776 1389 ego,
797 1321 867 1389 quod
881 1321 942 1383 celo,
960 1319 1035 1370 leand
1050 1319 1111 1370 celo.
1135 1335 1180 1372 rn.
1211 1321 1289 1374 Immo

300 1404 477 1458 etiamsinon
493 1403 572 1454 celae.
607 1404 669 1456 Non
686 1410 808 1472 praestat
824 1403 980 1472 scriptura,
1001 1419 1083 1470 quam
1091 1404 1290 1460 Lindemannns

300 1488 418 1558 recepit,
430 1490 509 1540 immo
522 1507 643 1541 uero—s
662 1481 708 1540 sed
719 1507 773 1540 aaa
787 1491 865 1542 celae.
885 1490 955 1542 Nom
964 1489 1289 1562 primayerbaabruptae

297 1573 433 1627 orationis
448 1574 554 1626 nullam
569 1591 695 1626 caussam
710 1575 829 1638 habent,
850 1575 1012 1643 nullumque
1027 1561 1144 1628 sensum.

218 1695 221 1704 “
315 1681 368 1740 11.
391 1677 448 1740 His
466 1675 623 1740 omnibus
641 1673 737 1740 facile
752 1675 966 1761 intelligitur,
996 1677 1101 1764 qualis
1118 1676 1210 1741 sitin
1227 1679 1288 1744 hoc
1372 1709 1373 1730 1

149 1809 155 1820 ·
221 1761 483 1842 ..sententiarum'
498 1781 560 1824 usu
587 1764 673 1826 ratio
699 1761 794 1826 modi
818 1763 1028 1828 verboruma
1050 1783 1134 1858 quae
1157 1766 1290 1849 quidem

230 1850 345 1914 cadem
362 1858 408 1912 est
430 1847 578 1911 inomni
598 1849 836 1914 sententiarum
861 1849 1137 1914 conditionalium
1160 1872 1289 1936 genere.

228 1937 315 2002 Nam
340 1935 496 2023 cogitatio
522 1927 725 2020 exprimitur
748 1933 984 2022 hypothetica,
1020 1935 1055 1998 in
1084 1957 1148 2022 qua
1173 1959 1290 2002 eonse-

207 2017 363 2108 ”quentis
395 2021 521 2107 aliqua,
559 2020 753 2086 conditione
778 2023 977 2108 praemissa,
1006 2024 1198 2109 exponitur.
1225 2023 1288 2090 'In

216 2102 292 2173 'hac
314 2128 394 2173 vero
420 2107 560 2171 duarum
584 2129 699 2182 rerum
723 2109 986 2188 consociatione,
1016 2117 1156 2194 utraque
1181 2121 1289 2196 potest

228 2193 279 2262 v'cl
296 2205 333 2258 ut
353 2216 428 2259 vera
451 2203 483 2259 et
508 2203 596 2257 certa
614 2193 697 2281 poni
720 2193 772 2259 vel
797 2194 936 2282 cogitari
959 2203 1106 2258 tantums
1139 2193 1206 2260 hcc
1232 2209 1290 2278 est,

156 2314 160 2326 ι
229 2282 320 2368 quod
336 2280 436 2368 logici
461 2290 590 2355 vocant,
610 2279 662 2344 vel
679 2284 859 2346 assertoris
882 2281 934 2346 vel
950 2280 1191 2367 problematice
1217 2283 1291 2349 dici.

226 2375 337 2455 Atque
354 2367 525 2452 utriusque
542 2366 642 2453 partis
660 2367 745 2431 ratio
766 2368 908 2453 aequalis
933 2388 1002 2432 csse
1030 2377 1140 2454 potest
1160 2369 1226 2450 ita,
1255 2382 1291 2434 ut

102 2493 105 2498 ·
165 2509 167 2512 .
225 2468 421 2539 matreque
439 2452 540 2516 verbo
560 2463 616 2528 aut
632 2451 827 2518 indicativus
848 2465 903 2520 aut
928 2453 1155 2518 coniunctivus
1179 2477 1290 2542 pona-

226 2550 294 2604 tur.
340 2538 404 2604 Sed
423 2537 582 2603 differunt
598 2540 697 2602 etiam
717 2551 847 2628 partes,
873 2539 1007 2626 quando
1027 2540 1078 2604 vel
1102 2540 1138 2604 in
1161 2543 1290 2628 protasi
1371 2609 1372 2614 ,

226 2627 278 2691 vel
300 2627 335 2695 in
357 2623 497 2713 apodcsi
519 2624 716 2690 indicativus
744 2636 800 2690 aut
825 2626 1054 2690 coniunctisus
1084 2625 1200 2694 locum
1226 2630 1289 2692 ob-

227 2715 322 2777 tinet.
361 2711 589 2798 Scriptoribus
604 2711 706 2796 igitur
724 2712 850 2776 utrovis
864 2712 968 2778 modo
980 2715 1178 2778 sententiam
1194 2737 1288 2780 suem

227 2797 442 2863 conformare
457 2797 567 2862 licuit:
590 2798 679 2861 unde
698 2799 820 2862 criticis
845 2799 974 2862 exsistit
996 2797 1162 2863 difficilius
1184 2801 1289 2888 nego-

225 2885 330 2959 tium,
361 2904 429 2970 quc
445 2883 574 2970 saepius
592 2883 718 2948 librarii
738 2884 955 2950 indicativum
978 2882 1013 2947 in
1037 2885 1289 2952 coniunctivum

224 2980 409 3043 mutarunt.
450 2967 487 3034 Id
512 2991 616 3056 quum
638 2969 673 3034 in
696 2971 860 3058 particula
883 2987 914 3035 51
938 2970 1036 3034 nobis
1052 2970 1095 3033 sit
1110 2989 1289 3058 exponen-

227 3058 327 3138 dum,
346 3077 435 3124 nunc
453 3067 585 3124 tantum
602 3056 683 3122 hacc
700 3057 877 3140 addamus,
899 3057 957 3122 ubi
974 3055 1105 3120 adiectis
1121 3056 1291 3147 iis,1quae

227 3147 393 3209 contraria
425 3142 597 3225 videntur,
637 3140 779 3208 ambitus
809 3144 858 3208 rei
888 3142 1116 3208 extendendus
1147 3143 1209 3220 sit,
1246 3146 1290 3209 ob

224 3231 345 3318 ipsam,
365 3252 464 3315 quam
481 3229 584 3293 modo
601 3227 680 3310 dixi,
698 3251 848 3296 caunum
858 3229 1073 3293 indicativum
1090 3229 1126 3292 in
1141 3240 1292 3322 utroque

136 3397 141 3401 .
182 3331 185 3338 ’
224 3318 377 3382 membro
394 3315 494 3404 poni:
515 3315 573 3379 ubi
588 3323 721 3402 tempus
732 3317 832 3381 simul
846 3316 893 3380 rei
909 3313 1015 3382 saetae
1030 3314 1098 3379 sive
1115 3313 1292 3384 faciendae

222 3403 438 3488 intelligatur,
462 3400 630 3485 indicativi
647 3425 716 3467 essa
730 3402 844 3486 locum
861 3402 940 3489 (vid.
955 3425 988 3468 n.
1004 3401 1068 3485 4.):
1094 3399 1152 3464 ubi
1168 3415 1292 3468 tamen

223 3483 262 3556 et'
280 3501 319 3554 at
350 3498 552 3574 sequuntur,
583 3487 792 3574 frequentius
814 3489 1083 3575 coniunctivum,
1108 3487 1168 3553 ubi
1197 3503 1293 3556 certe
1370 3480 1371 3492 ¹

120 3641 121 3646 ,
222 3577 392 3661 sequitur,
415 3573 543 3660 saepius
560 3572 777 3640 indicativum
793 3595 873 3640 usur
900 3574 1138 3660 a1·i:=denique
1158 3573 1195 3640 in
1211 3599 1293 3642 sen·

147 3735 149 3740 ¹
203 3663 344 3744 tentia,
369 3682 453 3748 quae
485 3658 630 3723 inlicitur
655 3661 695 3726 de
720 3682 780 3744 co,
805 3598 896 3760 quoi
919 3659 992 3727 fieri
1019 3659 1126 3750 possit
1153 3669 1188 3726 et
1214 3659 1292 3727 fieri
1367 3693 1371 3718 ‹

221 3745 319 3814 liceat
335 3750 506 3828 universe,
530 3745 731 3834 idexprimi
752 3749 978 3814 coniunctivo.

325 3869 485 3936 pervagata
501 3871 561 3920 erat
576 3865 644 3920 olim
660 3866 765 3939 opinio,
775 3865 881 3922 etiamsi
899 3849 964 3922 non
976 3863 1107 3938 coniungi
1128 3881 1194 3920 cnm
1213 3863 1291 3918 indi·
1370 3863 1371 3932 j

264 3997 266 4003 .
291 3952 391 4007 catino.
415 3953 535 4006 Alvarus
551 3953 620 4006 adeo
637 3970 667 4004 se
685 3970 818 4021 nusquam
832 3953 935 4024 legisse
951 3955 1089 4021 protessus
1105 3960 1174 4005 eret.
1210 3953 1290 4003 Eum
1370 3949 1371 4010 i

288 4036 429 4106 exemplis,
439 4039 672 4098 refutavitGer-h.
689 4039 800 4092 Vossius
817 4039 850 4092 de
866 4042 971 4100 constr.
989 4057 1012 4092 c.
1027 4035 1070 4090 67.
1086 4055 1113 4110 p.
1129 4035 1192 4089 599.

326 4141 451 4209 Quatuor
479 4145 541 4192 sunt
569 4129 676 4193 formae
699 4142 781 4196 huius
806 4142 1028 4197 enuntiationis..
1059 4111 1234 4193 Indicativus
1259 4137 1288 4190 in

290 4227 407 4291 utraque
429 4229 509 4291 parte
533 4221 591 4278 cic.
610 4226 644 4278 de
663 4227 727 4283 niv.
743 4229 770 4296 2,
786 4229 828 4298 22,
846 4227 888 4283 lu.
917 4229 964 4283 sed
987 4228 1058 4297 quod
1082 4227 1173 4280 erebro
1199 4224 1288 4286 videt,
