2758 4726
541 367 740 438 ‚extante
1082 381 1147 450 εστ

167 526 341 598 ‘’Um'‘
357 527 531 596 ”Wlffli-
564 524 591 591 1,
607 525 634 590 ²,
648 524 692 590 14,
706 525 733 578 2
750 525 925 596 mandanturque
937 528 1033 586 exinde
1046 531 1145 586 ineam-

145 737 150 746 .
166 699 284 767 ,demque
300 697 423 750 mortales
437 695 524 748 madia
537 695 643 764 gloriae
657 694 799 748 saeualarie
808 695 926 750 inaniter
939 699 1022 752 dediti
1027 739 1036 764 ‚
1053 703 1147 758 mnde

166 799 315 853 perennem,
331 787 361 833 ut
371 781 511 850 praebant,
527 780 678 836 memoriane
693 779 805 832 nominis
818 780 860 834 eui
873 783 1064 858 quaesiverunt.

183 889 214 950 3.
236 885 324 948 Tum
342 879 502 971 signifieat
517 881 668 962 ordinem
689 903 799 947 rernm
810 897 822 962 ,'
843 884 931 968 quod
947 882 1013 949 fert
1030 897 1146 955 natura

98 969 357 1060 praepositionis
380 991 431 1032 ex.
477 967 540 1031 Sed
564 967 595 1031 in
624 967 741 1054 quibus
766 967 848 1031 ordo
875 991 987 1034 rerum
1008 972 1043 1036 in
1067 971 1143 1038 loeo

99 1053 210 1142 aliquo
226 1054 460 1142 dispositarum
475 1054 685 1141 intelligatur,
704 1074 867 1140 perpauca
889 1065 965 1118 sunt
983 1059 1157 1146 exempla,

98 1143 167 1207 Nee
186 1143 305 1206 dieitur
327 1139 392 1203 hoe
416 1139 588 1203 madores
609 1139 737 1219 solum,
759 1161 843 1224 quae
865 1151 943 1227 post
967 1141 1064 1208 aliam
1085 1147 1145 1211 sita

99 1237 169 1312 est,
191 1227 248 1292 sed
265 1226 363 1292 etiam
379 1247 462 1312 quae
481 1235 555 1289 ante
571 1225 622 1288 vel
636 1225 728 1289 iuxta
746 1247 829 1290 eam.

205 1345 262 1399 cte.
277 1346 311 1398 de
326 1345 388 1400 Nar.
403 1346 429 1400 d.
446 1343 529 1411 243,
545 1344 603 1398 111.
622 1345 685 1398 exin
709 1345 834 1396 contortis
848 1343 925 1397 Aries
944 1363 1002 1402 aum
1023 1349 1146 1406 aurailus

168 1431 267 1484 haeret.
289 1429 308 1484 i.
325 1447 349 1484 a.
365 1430 394 1484 in
412 1431 553 1484 stellarum
567 1430 638 1482 serie
653 1429 792 1498 proximus
807 1429 895 1497 Equo.

187 1533 219 1596 4.
250 1531 465 1618 Frequentior
492 1542 542 1596 est
575 1553 652 1596 usus
685 1529 725 1593 de
756 1540 906 1616 tempore
930 1540 962 1596 et
988 1530 1029 1596 de
1049 1533 1146 1599 rebus

99 1616 178 1684 alias
202 1618 451 1707 excipientibus.
496 1614 662 1706 Significat
678 1615 779 1702 igitur
790 1614 941 1700 deinde,
962 1639 1025 1706 quo
1035 1617 1144 1707 faeta,

98 1717 184 1770 tum.
618 1741 629 1754 ι
742 1737 744 1743 2
785 1742 790 1747 .

202 1825 306 1880 Ennius
328 1826 401 1895 apud
424 1823 482 1878 (lie.
507 1825 541 1876 de
558 1824 621 1876 Diu.
639 1822 665 1888 1,
681 1820 723 1886 te,
740 1820 799 1876 1⁰8.
826 1823 928 1875 interea
949 1822 989 1874 eal
1011 1821 1083 1876 aliu'
1104 1842 1146 1879 re-

167 1903 242 1963 cessit
258 1911 288 1962 in
307 1909 397 1976 infera
412 1909 502 1962 nautis.
537 1910 612 1963 Exin
627 1908 743 1960 eandida
758 1925 786 1960 ee
801 1909 887 1961 radiis
903 1907 974 1976 dedit
995 1906 1049 1959 iata
1065 1911 1146 1976 sorae

170 1995 226 2046 lux.
657 2004 659 2008 '

196 2095 263 2166 Cia
278 2093 311 2145 de
326 2093 388 2145 Dia.
397 2092 422 2157 1,
433 2089 476 2158 m,
485 2091 528 2147 55.
547 2111 636 2146 seruus
647 2109 695 2161 per
710 2093 814 2158 eiacum,
830 2111 908 2162 quum
924 2094 1010 2166 uirgis
1025 2098 1146 2160 caedere,-
1250 2151 1254 2166 ,

170 2183 224 2243 lar,
233 2181 343 2244 saraam
353 2181 445 2244 serene
454 2178 598 2231 duelueeet.
632 2178 706 2229 Exin
714 2177 817 2229 auidam
827 2179 1038 2244 rusticaramana
1048 2182 1147 2234 dormi·
1172 2203 1174 2206 ¹

171 2264 225 2316 enti
240 2263 310 2314 uisus
324 2271 361 2316 eat
374 2263 478 2327 uenire,
495 2263 540 2332 qui
553 2263 649 2315 dicarat
659 2253 718 2314 ¹eta.
735 2259 833 2329 Virgil.
847 2261 913 2314 Aen.
924 2259 950 2328 6,
965 2262 1025 2316 ma.
1042 2265 1147 2336 quisque
1197 2303 1202 2315 ,

169 2365 231 2403 uuas
250 2349 369 2418 patimur
389 2365 497 2401 manes.-
538 2348 634 2400 exinde
655 2364 704 2415 per
729 2347 846 2413 amplum
868 2348 997 2400 mittimur
1017 2350 1145 2418 Elysium.

88 2477 90 2488 ,
170 2433 196 2500 i,
211 2432 270 2486 att.
296 2433 356 2485 mv.
371 2431 414 2498 24,
428 2432 477 2497 42,·
486 2433 511 2485 1.
539 2434 575 2485 ad
590 2433 720 2483 Mundum
741 2431 836 2484 exinde
851 2439 940 2484 rastra
952 2435 1050 2500 punina
1065 2443 1146 2490 mala.

169 2517 277 2586 Apulei.
291 2519 358 2570 Met.
376 2516 402 2570 6.
421 2536 447 2587 p.
463 2517 522 2582 183,
539 2516 582 2570 31.
608 2534 649 2568 me
664 2524 691 2584 et
706 2533 797 2584 equum
809 2523 922 2568 uectores
937 2533 1025 2570 rerum
1038 2519 1147 2574 illarum

165 2607 274 2670 futuras
283 2604 401 2670 fustibus
416 2603 511 2656 exinde
529 2605 666 2655 tundentes
680 2603 828 2670 perdurant
843 2602 872 2652 in
890 2601 970 2654 uiam.

206 2705 253 2760 stc
266 2705 350 2759 etiem
363 2706 452 2764 Plaut.
469 2704 582 2769 Cura2,
591 2703 616 2769 3,
625 2703 666 2756 34.
685 2705 779 2757 aetium
791 2704 837 2755 uli
851 2703 987 2772 conspexi,
1007 2704 1098 2756 eainde
1107 2723 1148 2758 me

171 2793 241 2846 illiaa
254 2793 389 2862 protinam
403 2791 471 2843 dedi.
499 2790 678 2858 opponuntur
692 2790 739 2841 ubi
748 2817 782 2830 -
798 2791 909 2853 exinde,
926 2794 957 2839 ut
971 2787 1039 2840 alins
1054 2791 1100 2840 ulai
1113 2817 1146 2826 -—
1207 2807 1209 2812 ·

170 2885 236 2932 tum.
270 2877 339 2929 Nam
355 2875 467 2926 Servius
483 2875 517 2927 nd
531 2875 608 2944 Virg.
623 2876 690 2927 den.
703 2873 729 2940 7,
745 2873 805 2928 341.
828 2873 946 2942 explicat
958 2873 1056 2926 atatim.
1092 2873 1148 2926 Ne-

171 2978 225 3030 que
246 2960 327 3013 aliter
348 2960 431 3011 True.
447 2961 472 3024 1,
488 2961 513 3024 1,
527 2959 570 3012 63.
596 2962 688 3012 eadam
707 2968 844 3029 postquam
865 2959 948 3011 ulium
961 2959 1084 3027 repperit,
1102 2959 1147 3027 qui

169 3048 230 3116 plue
245 3047 336 3109 daret,
364 3046 567 3108 domusionem,
585 3061 626 3095 me
639 3045 734 3096 exinde
749 3046 848 3097 amauit
864 3045 926 3095 laea.

206 3147 263 3202 cte.
278 3148 311 3199 de
325 3149 392 3216 Leg.
408 3146 433 3211 3,
444 3146 469 3211 3,
480 3146 505 3199 l.
528 3146 669 3215 populique
690 3145 777 3212 partis
799 3144 829 3195 in
852 3145 937 3196 tribus
954 3145 1145 3199 distribuuntur
1248 3141 1250 3146 ’

170 3234 231 3286 eain
246 3234 385 3303 pecunias,
404 3231 541 3294 devitatis,
561 3229 661 3281 ordinis
671 3229 819 3297 partiente.
839 3227 857 3280 i.
874 3245 897 3280 e.
914 3245 966 3295 qua
985 3229 1068 3282 fucta.

185 3335 216 3402 5.
243 3335 354 3418 Quare
366 3356 460 3420 saepe
476 3342 651 3414 usurpatur
664 3331 696 3396 in
712 3331 898 3394 narratione
913 3353 1025 3394 rerum
1042 3342 1148 3418 gesta·

104 3439 192 3504 rum,
209 3433 246 3486 ut
260 3423 301 3485 sit
316 3431 394 3508 pasl
410 3420 504 3484 liaeo.
548 3418 744 3502 Plerumque
763 3417 904 3502 primurn
921 3415 1031 3479 lacurn
1049 3440 1147 3481 oceu-

106 3516 182 3592 pat,
200 3505 456 3578 ¹coniunctionis
485 3504 598 3566 instar.
658 3502 721 3565 Sed
749 3503 844 3565 etiam
872 3504 906 3566 in
932 3502 1149 3587 expositione,
1202 3575 1208 3596 ι

106 3611 190 3740 quae
212 3595 330 3666 transit
352 3591 392 3658 ab
414 3591 521 3678 aliqua
542 3612 578 3653 re
602 3588 642 3651 ad
666 3588 783 3671 aliam,
811 3587 932 3654 'exinde
949 3588 1089 3672 dicitur,
1113 3600 1149 3653 ut

121 3697 190 3741 um.
823 3695 826 3702 ·

780 3729 799 3765 ι

208 3797 285 3868 virg.
299 3801 366 3854 Aea.
383 3797 408 3866 6,
419 3783 479 3854 Sili.
495 3797 659 3865 inamadilque
672 3795 789 3848 animum
798 3795 893 3860 famae
908 3791 1034 3844 uenientia
1052 3810 1149 3847 amare.

174 3881 246 3934 Eain
262 3885 330 3936 bellu
350 3887 407 3937 uiro
428 3891 555 3938 memorat
578 3899 644 3950 quae
661 3881 753 3932 deinde
774 3879 901 3948 gerenda.
941 3875 974 3927 ln
991 3875 1087 3943 quibua
1100 3878 1149 3929 ab·

174 3966 309 4019 servanda
330 3975 374 4034 ¹est
398 3969 525 4022 vicinitus
546 3966 625 4019 verbi
647 3965 748 4017 deinde.
801 3963 862 4015 niv.
878 3962 903 4026 l,
918 3959 962 4026 28,
979 3960 1022 4014 16.
1048 3963 1149 4027 exinde,

175 4049 278 4102 duabus
301 4052 413 4103 admotis
435 4053 590 4122 quadrigis,
619 4053 648 4104 in
673 4067 764 4102 sumu
785 4065 876 4100 aarum
897 4047 1038 4098 distentum
1058 4046 1152 4116 illigat

174 4133 302 4188 Mettum:
328 4135 421 4189 deinde
442 4139 472 4190 in
494 4137 625 4191 diuersum
644 4136 695 4190 iter
715 4132 775 4204 σφα·
793 4131 916 4186 aanodali
933 4137 985 4185 eta.
1006 4131 1066 4186 ia.
1084 4130 1149 4195 tam,
1207 4192 1209 4200 y

174 4224 241 4274 tum.
259 4217 303 4284 m,
320 4217 348 4286 5,
362 4218 390 4272 6.
