2852 4736
607 343 719 414 utut
1128 351 1194 418 stt

160 554 162 564 ,
216 503 251 568 6.
278 493 613 570 ntiasrccennortbus
646 501 793 568 maxine
826 497 945 566 untata
978 497 1091 568 forma
1110 513 1191 586 ¹est,

131 587 222 652 cuius
238 589 415 670 sententia,
444 610 506 676 per
523 585 606 650 dum
622 609 799 674 expresso,
815 585 852 652 in
868 605 904 650 se
919 585 1039 672 recipit
1053 587 1190 672 partici-

126 674 257 849 bingio:
276 673 317 740 dc
340 695 405 763 qua
428 697 466 742 re
489 673 557 779 egit
583 671 803 818 Oudendorp.
826 671 869 737 ad
890 671 1019 760 Apulei.
1048 673 1130 816 Met.
1153 679 1188 742 8.
1258 729 1264 747 .

220 883 423 984 4Αιιίιὶεεί.,1ῢ1ωῐ.
433 910 460 966 3.
478 931 505 982 p.
516 911 577 980 ltu,
595 911 621 967 5.
635 911 710 968 urm.
728 931 761 966 uc
774 912 855 976 dam,
873 910 969 964 salutis
983 893 1079 988 inopia
1091 867 1186 972 cunm

194 1001 311 1068 corpmia
324 1001 377 1068 mci
395 999 581 1064 considerans,
608 1016 662 1050 non
679 1003 754 1051 noem
776 1015 833 1061 me,
857 997 1027 1056 sedecinum
1040 997 1132 1062 video,
1149 1025 1185 1040 -

145 1093 151 1100 '
194 1083 292 1138 tacitus
307 1083 514 1152 expostulatum.
531 1082 557 1136 9.
584 1102 610 1153 p.
626 1082 694 1150 2³2,
708 1083 735 1137 1.
761 1087 792 1136 et
805 1083 869 1134 dum
885 1083 1013 1148 fodiens,
1039 1083 1101 1134 durn
1119 1081 1185 1136 irri-
1300 1157 1304 1169 Ι

51 1225 52 1230 1
136 1217 138 1222 ,
192 1163 283 1238 gnum*
303 1174 436 1236 ceteraque
450 1166 573 1222 incarnat
587 1167 827 1231 intercurreret,
844 1183 896 1236 ego
914 1170 992 1219 etc.-

208 1305 240 1367 7.
270 1301 468 1386 Coniunctio
486 1325 582 1391 saepe
597 1325 669 1381 non
688 1301 728 1376 ‚ab
750 1277 866 1384 initio,
884 1301 942 1375 'ned
958 1273 1038 1391 post
1052 1293 1184 1390 'aliquot

123 1385 224 1452 verba
248 1381 360 1452 locum
381 1409 479 1454 suum
495 1400 656 1478 occupat.
693 1387 769 1464 vid.
787 1387 920 1484 Cottius
946 1389 987 1454 ed
1008 1389 1131 1460 Lucan.
1148 1395 1184 1474 2,

31 1511 32 1516 η
123 1473 200 1538 648.
224 1477 255 1556 ὃ,
268 1477 344 1558 702,
365 1542 380 1557 ,,
394 1539 407 1559 ,,
435 1547 442 1556 ,
491 1543 512 1554 ,,

206 1627 238 1690 8.
260 1623 301 1690 Iu
316 1625 368 1690 his
384 1626 540 1692 omnibus
555 1629 724 1718 temporis¹
735 1626 821 1700 ratio
845 1649 929 1716 pura
946 1639 1013 1712 est,
1034 1626 1180 1717 ideoque

119 1708 300 1778 indicativo
317 1707 562 1800 exprimenda.
629 1713 741 1794 Quam
767 1735 871 1800 quum
899 1713 983 1779 bene
1012 1715 1179 1800 cognitam

119 1795 275 1879 haberet,
298 1799 488 1863 Gronovius
506 1799 546 1864 ad
563 1799 632 1865 Liv.
649 1805 681 1880 2,
699 1802 754 1876 472
769 1801 801 1874 5.
822 1810 853 1865 et
871 1800 909 1864 ad
927 1801 979 1876 35,
998 1803 1030 1882 8,
1050 1807 1078 1864 l:
1096 1822 1178 1864 con-

119 1881 302 1952 iunctivum
322 1883 367 1948 ita
390 1905 467 1949 cum
490 1885 754 1972 particularium
776 1885 1045 1958 coniunctum‘cd
1063 1885 1177 1950 soloe·
1247 1888 1253 1896 ”

120 1969 240 2034 cismos
255 1967 431 2058 referebat.
448 1973 542 2052 ¹Quo
555 1972 687 2036 decreto
704 1972 808 2044 semel
819 1971 1039 2071 comprobato
1051 1969 1177 2036 iactum

120 2065 188 2132 est,
221 2055 399 2135 utcritici,
429 2055 535 2121 sicubi
553 2056 636 2121 dum
651 2077 727 2126 cum
743 2057 954 2128 coniunctim
973 2063 1177 2140 occurreret,

119 2141 305 2228 permultos
321 2143 521 2229 scriptorum
536 2143 628 2207 locos
643 2143 866 2229 corrigerent,
895 2143 927 2218 id
955 2163 997 2206 ue
1015 2151 1054 2208 eo
1069 2141 1175 2232 m'agis
1219 2193 1222 2200 .

119 2225 182 2290 sibi
203 2247 398 2292 concessum
418 2239 589 2315 putarent,
619 2249 686 2314 quo
707 2227 916 2314 ¹frequentius
932 2167 1094 2299 iibrarios
1118 2237 1176 2293 aut

120 2330 221 2410 quum
235 2312 271 2380 in
287 2312 368 2378 dum
382 2324 545 2395 mutasse,
568 2323 624 2378 aut
639 2314 889 2386 coniunctivum
905 2312 1092 2399 imperfecti
1108 2335 1173 2400 pro

108 2395 295 2484 ¹indicativo
318 2400 501 2488 proesentis
523 2399 752 2486 supposuisse,
777 2399 829 2464 vel
849 2421 892 2462 ex
906 2397 1175 2468 Drakenborchii

119 2483 333 2550 annotatione
348 2483 387 2550 ad
404 2485 618 2564 tiv.1‚40‚7.
639 2484 883 2571 cognovissent.
925 2485 1018 2554 Vnus
1029 2483 1174 2552 ,Ouden-

118 2568 257 2656 dorpiua
274 2569 435 2636 intellexit
457 2569 717 2634 nimiamihuius
741 2569 872 2634 consilii
895 2569 1116 2633 temeritatem
1140 2579 1174 2634 et

117 2665 195 2744 post
215 2677 291 2721 eum
305 2656 512 2738 Husebkius:
543 2655 598 2726 illc
615 2655 839 2743 priocipienm
865 2653 947 2728 tium
963 2653 1019 2726 ubi
1037 2665 1121 2722 esset
1134 2653 1174 2720 -id

118 2741 208 2828 quod
233 2741 416 2828 qrtamdiu,
453 2744 553 2807 etiam
580 2762 655 2806 cum
683 2739 894 2822 coniunctiuo
921 2737 1088 2836 copulari,
1117 2739 1173 2804 hio

116 2827 157 2891 ad
169 2847 267 2890 usum
282 2840 458 2926 poetarum
474 2849 680 2918 provocans:¹
701 2839 816 2892 neuter
832 2838 944 2892 tamen
959 2825 1007 2890 rei
1024 2847 1173 2891 caussam

118 2913 315 3002 explanavit.
359 2913 446 2992 Haec
464 2937 543 2979 vero
559 2914 603 2978 ita
620 2937 655 2978 se
670 2913 786 2978 habeti
802 2961 806 2969 .
827 2913 1007 3008 Postquam
1030 2935 1188 2993 romana¹

116 2999 160 3064 lin
188 3019 228 3062 ua
251 2997 378 3098 legibus
402 2999 531 3086 alligata
560 3009 647 3076 erat,
677 2997 873 3084 antiquioris
900 2999 969 3062 aevi
992 2999 1172 3085 scriptores

115 3083 150 3151 i'n
201 3107 237 3148 ac
265 3085 408 3150 dictione
431 3083 652 3172 temporalem
677 3085 842 3150 rationem
875 3093 1025 3148 accurate
1054 3082 1172 3170 expri-
1248 3089 1249 3092 ’

117 3193 208 3236 mere
224 3171 387 3251 solebant,
402 3192 463 3236 nec
476 3181 616 3258 possunt
633 3191 679 3246 ea,
699 3171 783 3258 quae.
798 3168 922 3240 librarii
939 3190 981 3232 ex
995 3190 1060 3240 auo¹
1076 3189 1172 3240 more

143 3268 235 3322 ostea
251 3257 284 3321 in
303 3255 414 3326 multis
433 3255 514 3320 locis
536 3265 801 3348 supposuerunt,
825 3255 906 3342 ipsis
918 3253 983 3327 illis
999 3253 1171 3341 imputari.

117 3281 246 3426 l'arnen
272 3344 354 3407 vitae
381 3341 570 3407 communis
595 3341 802 3408 consuetudo
825 3363 894 3406 non
920 3339 1172 3426 obtemperabat

118 3429 345 3517 grammiticae
359 3427 441 3516 legi,
471 3427 528 3492 sed
544 3425 626 3490 dnm
648 3427 835 3513 temporale
859 3426 958 3514 etium
983 3432 1063 3500 cum*
1085 3447 1171 3504 cou-

116 3517 263 3584 iunctivo
289 3513 524 3601 componebat.
570 3513 682 3593 Quare
708 3511 840 3582 Servius
866 3511 907 3586 ad
928 3511 1021 3609 Virg.
1038 3513 1120 3584 Aren.
1138 3515 1169 3590 1,

117 3605 192 3666 697.
228 3624 312 3666 sane
334 3597 528 3680 sciendum,
561 3598 687 3684 inquit,
721 3593 815 3666 muln
842 3620 955 3672 errore
978 3619 1103 3685 ¹annm
1135 3605 1169 3660 et

118 3685 219 3750 dum
243 3709 267 3750 a
288 3683 454 3756 Romanis
478 3707 548 3749 esse
570 3681 725 3773 confusa.
776 3683 873 3756 Hunc
896 3703 976 3748 vero
1000 3683 1170 3780 vulgarem

116 3793 216 3837 usum
232 3793 303 3835 non
320 3772 582 3862 aspernabantur
597 3780 714 3859 postne
728 3771 780 3836 vel
796 3769 925 3858 optimi,
943 3767 1001 3840 sed
1020 3770 1053 3842 iu
1070 3787 1168 3833 suum
1255 3781 1256 3790 ’
1305 3769 1308 3776 ’

117 3857 351 3922 cointrodum¹
368 3851 551 3928 vertebant.
609 3859 727 3922 Postea
758 3864 915 3942 corrupta
944 3855 1168 3940 eloquutione,

117 3943 222 4008 etiarn*
243 3953 391 4007 oratores
414 3942 618 4037 negligenter
635 3943 668 4008 iu
697 3941 759 4007 hnc
782 3964 822 4013 re
842 3941 960 4011 tersisti
978 3941 1072 4022 sunt,
1106 3957 1168 4002 nec

117 4029 230 4094 licebit
244 4027 298 4108 id,
327 4027 468 4116 quod-in
482 4029 723 4114 antiquioribus
740 4028 896 4096 vitiosum
910 4025 1058 4107 videtur,
1079 4021 1169 4110 apud

119 4115 318 4180 recentiores
344 4115 548 4180 correctione
577 4113 712 4182 aboleri.
755 4113 898 4202 Triplex
920 4112 1019 4201 igitur
1041 4117 1169 4206 constat

122 4206 225 4288 genus
241 4202 487 4291 exemplorum.
528 4201 680 4270 Primum
696 4207 745 4266 est
757 4198 1014 4276 sententiarum,
1037 4197 1074 4262 in
1090 4215 1179 4284 qur·-
