2802 4732
540 397 696 470 arun.
931 418 933 430 ·
1010 347 1047 410 ⁴·
1084 407 1146 476 aa

162 555 290 613 7777777777
310 519 456 612 mucuns.
480 571 508 624 p.
519 528 615 610 Deiot.
630 554 681 621 13,
696 553 747 610 87.
770 527 839 628 puae
861 537 949 612 omnes
974 559 1045 616 docti
1066 568 1147 634 atpae

162 635 425 712 sapientcssupuna,
446 632 555 738 puidam
569 644 651 693 ettam
664 641 723 694 sola
739 642 809 698 bana
827 659 881 698 esse
891 644 1023 699 7177777777
1058 648 1144 702 717771.

161 721 246 791 7,47,
260 724 320 781 144.
348 744 396 780 nos
409 725 479 779 7777777
494 723 676 792 defundimus,
700 720 961 796 etiaminsipientem
976 731 1146 810 7771777777-
1241 769 1244 774 -

153 810 331 878 prehendere.
369 803 404 863 de
426 808 489 862 ltin.
510 797 536 873 4,
558 797 631 873 id.
657 803 768 878 quibus,
794 805 875 865 etiam
890 808 937 881 qui
952 798 1144 882 assentiuntur,

161 893 231 946 nibil
244 901 443 948 commutantur
455 893 553 947 anima.
594 891 644 946 Sit
659 908 743 963 saepe
756 895 837 950 ctione
851 897 897 966 qui
918 906 969 965 pto
985 903 1018 950 et
1025 898 1079 968 ipsi
1090 901 1144 968 pui.
1244 911 1246 918 ’

120 1057 123 1066 ‚
162 973 467 1045 7170777.1,26,119.
542 1029 544 1036 .
906 1017 908 1021 ,

197 1069 320 1135 Sallust.
332 1051 392 1134 'cat
406 1075 449 1146 2⁰,
464 1073 507 1134 11.
526 1075 693 1162 7777777777
707 1083 861 1134 mortalium
875 1104 909 1120 -...
925 1045 1039 1137 tolerare
1049 1091 1144 1154 pateat,

159 1163 215 1217 iliis
231 1161 341 1219 diuitias
356 1173 496 1234 superare,
513 1165 551 1204 '-
567 1165 642 1218 nabis
663 1182 719 1218 77777
735 1158 918 1233 familiarem,
948 1162 1029 1222 etiarn
1044 1171 1081 1222 'dd
1096 1187 1143 1222 ne-

160 1249 278 1302 cessaria
298 1243 406 1302 deesse?
437 1245 549 1302 Sueten.
565 1241 637 1317 Aug.
653 1241 697 1303 71.
716 1252 753 1302 ad
767 1243 904 1324 uitiandas
919 1253 1039 1322 uirgines
1049 1271 1143 1323 prom·
1236 1309 1239 1318 ,
1282 1238 1286 1254 ’

157 1325 247 1403 ptiar,
264 1351 332 1402 puae
344 1334 396 1387 sibi
408 1333 539 1402 undique,
557 1335 638 1387 etiam
653 1336 687 1387 ab
703 1346 784 1388 7777777
798 1337 1038 1406 conquireremus.»

117 1463 120 1477 ·
195 1435 295 1489 Horat.
313 1435 370 1490 Sat.
384 1436 410 1501 1,
428 1435 454 1500 4,
471 1425 514 1489 56.
531 1437 587 1502 1777,
606 1425 657 1507 ego
678 1420 745 1506 pieac
763 1441 936 1505 nnnmulim
957 1451 1024 1509 puae
1036 1438 1144 1510 scripsit
1174 1502 1177 1509 ⁴

158 1518 285 1587 1777777777,
299 1521 401 1590 eripias
413 1521 439 1572 77
451 1527 572 1590 tempora
586 1529 659 1574 certa
673 1525 820 1593 modusque,
835 1531 861 1576 et
875 1525 943 1593 puod
956 1525 1032 1594 prius
1048 1525 1143 1590 ordina

156 1607 264 1658 uerbum
276 1611 322 1671 est,
344 1605 476 1674 posterius
486 1606 594 1671 facins,
612 1623 780 1675 praeponens
793 1605 889 1661 nitima
902 1609 1007 1678 primis,
1023 1625 1092 1674 non,
1111 1615 1143 1662 777

71 1703 75 1710 ’
158 1704 183 1740 77
178 1690 282 1742 solvas
297 1691 460 1758 „Postquam
475 1690 609 1743 discordia
624 1698 695 1744 tetra
710 1694 784 1745 777.“
802 1693 922 1745 invenias
940 1694 1023 1746 etiarn
1039 1693 1143 1747 disiecti

158 1775 276 1826 membra
296 1781 398 1843 poetae.
432 1773 490 1826 Alii
512 1775 651 1843 explicant
672 1794 787 1848 pnopuc,
808 1777 859 1829 aiii
873 1777 907 1829 de
921 1775 1044 1844 tempore
1057 1779 1141 1830 7777177

159 1867 212 1928 ego
230 1867 297 1911 vero
314 1857 477 1912 sententiam
487 1857 598 1911 ''video
590 1879 618 1914 777
633 1867 757 1919 extrema
777 1867 855 1930 parte
872 1867 1014 1916 mutatam.
1049 1849 1148 1916 Hiram
1194 1873 1196 1878 '
1243 1877 1268 1936 Ι·

157 1942 213 1996 tius
225 1943 299 1994 enim
312 1949 372 2011 post
382 1962 436 1997 non
453 1940 528 1996 addit
538 1943 694 2014 exemplum
708 1943 964 2011 affirmationis,'1a
978 1961 1032 2014 qua
1046 1941 1140 2012 etiem,

155 2026 176 2082 i.
193 2028 219 2082 a.
239 2028 317 2094 adeo,
341 2025 450 2080 disiecti
466 2034 565 2106 poetae
580 2032 706 2084 membra
720 2030 839 2111 inveniri
851 2029 986 2082 uisuntur.
1016 2033 1024 2054 '

131 2163 133 2178 .
194 2131 253 2186 cic.
269 2123 303 2184 dc
320 2129 382 2184 Fin.
398 2128 424 2195 1,
439 2125 484 2204 21,
497 2127 542 2181 71.
564 2132 589 2183 77
601 2132 719 2199 insontes
731 2135 826 2206 pueri,
843 2139 932 2186 mutae
947 2131 1027 2186 eliam
1042 2131 1141 2188 bestiae

153 2235 223 2290 pene
239 2219 388 2288 loquuntur.
425 2211 459 2266 de
475 2213 585 2267 Senect.
601 2210 644 2281 16,
658 2215 702 2270 56.
727 2219 804 2287 copia
819 2211 934 2270 omnium
949 2234 1052 2283 7777777,
1072 2233 1141 2287 puae

155 2305 195 2359 bd
211 2303 309 2356 aic'turn
331 2294 480 2364 bantinum,
513 2301 550 2353 ad
571 2294 670 2354 cultum
693 2303 772 2356 etiarn
794 2303 902 2354 deorum
922 2302 1066 2372 pertitsent.
1090 2297 1141 2354 ubi

133 2389 136 2397 ’
155 2379 337 2442 (bernhardus
350 2379 460 2438 videtur
473 2384 660 2454 copulativam
675 2385 733 2443 ‘uim
748 2377 902 2456 simplicem
917 2385 1053 2439 statuisse.
1077 2377 1139 2440 biv.
1175 2433 1177 2440 .

155 2473 269 2540 27,1,3.
294 2473 422 2526 mutando
443 2479 512 2524 ’777777
531 2473 643 2534 ucslem,
669 2488 739 2523 nunc
752 2479 907 2542 tegumenta
923 2463 1033 2539 capitis,
1051 2481 1141 2524 777777

153 2559 237 2613 diam
253 2575 308 2611 sese
320 2559 354 2611 ab
370 2557 475 2609 insidiis
489 2557 630 2638 munierat.
698 2561 701 2566 ’
957 2546 960 2553 '

193 2651 252 2714 bic.
267 2677 295 2729 p·
288 2659 387 2713 ssent
402 2657 447 2726 21,
462 2647 505 2711 47.
528 2655 573 2726 pai
594 2653 651 2710 sine
670 2659 753 2711 omnis
776 2659 857 2712 stiam
878 2651 968 2712 consui
982 2676 1037 2712 rem
1049 2657 1144 2728 publia

155 2759 215 2800 777777
233 2750 411 2800 conservarat.
455 2740 588 2810 Quinctil.
603 2741 728 2798 Daciam.
741 2743 769 2810 3,
784 2739 827 2797 177.
853 2744 986 2798 inusitata
1002 2751 1141 2813 7777777777
1211 2767 1238 2787 κ

128 2822 330 2908 'magnitudm
356 2839 441 2882 moles
462 2819 543 2880 etiam
566 2820 916 2895 &nuncupationis
940 2819 967 2896 5,
976 2822 1016 2898 3,
1039 2819 1066 2882 6.
1092 2843 1140 2881 nec

153 2913 242 2969 tainus
257 2915 420 2982 eloquentia,
437 2907 519 2968 etiarn
534 2912 604 2965 inter
617 2905 836 2979 Athenienses,
824 2913 948 2984 insignis.

193 3007 264 3070 (lum
279 3015 386 3070 verbius
411 3015 469 3070 Cio.
488 3013 597 3066 71711777.
613 3012 691 3079 5,,21
706 2997 750 3068 58.
777 3015 911 3069 actionum
932 3023 1022 3070 antem
1037 3029 1140 3086 genera

152 3103 253 3175 plura,
279 3108 310 3153 ut
324 3102 498 3174 obscurentur
508 3099 589 3151 etiam
602 3099 708 3152 minora
721 3100 875 3152 maioribus.
896 3093 922 3165 1,
936 3099 979 3164 13,
995 3099 1038 3152 43.
1064 3099 1140 3168 aupi—
1204 3173 1205 3176 Ἴ

155 3187 254 3240 dilates
270 3183 339 3238 7777777
354 3190 416 3236 sunt
430 3166 612 3246 insatiabiles,
636 3200 703 3250 puae
718 3201 772 3242 nan
785 3181 861 3236 modo
877 3173 998 3254 singulos
1011 3183 1138 3247 homines,
1202 3193 1205 3198 ⁴

155 3271 205 3326 sed
225 3270 363 3322 uniuersas
376 3261 503 3333 familias
520 3273 655 3318 evertunt:
681 3273 766 3318 totam
784 3268 864 3319 etiam
879 3259 1045 3345 labefactant
1061 3281 1141 3334 saepe
1179 3285 1186 3296 ¹
1283 3287 1285 3296 .

156 3354 368 3424 rempublicam.
395 3351 429 3402 de
443 3349 506 3402 Div.
522 3350 549 3414 2,
565 3337 607 3416 72,
622 3347 682 3402 149.
708 3359 739 3424 ut
752 3342 848 3421 religio
860 3340 1044 3422 propagantia
1058 3347 1140 3402 etiam

154 3448 208 3514 777,
232 3455 301 3510 puae
323 3444 362 3490 777
376 3437 468 3489 iniecta
486 3451 543 3486 cum
560 3426 711 3513 cognitione
732 3443 863 3500 naturae,
891 3437 928 3488 sic
944 3433 1140 3507 superstitionis

153 3525 251 3621 stirpes
264 3539 351 3575 omnes
366 3519 517 3575 eiiciendae.
551 3518 600 3570 ubi
613 3519 774 3572 ueeOrellii
792 3521 1033 3584 coniecturarum
1050 3519 1140 3571 07177-

153 3625 216 3662 77777
207 3597 378 3676 explicatio
392 3610 483 3675 potest
497 3593 617 3673 probari.
651 3603 775 3657 invertas
791 3605 915 3658 ordinem
931 3602 1138 3667 sententiarum,

128 3747 131 3760 ,
156 3699 186 3746 et
199 3685 315 3746 habebis
331 3705 395 3743 eum
417 3701 540 3753 sensum,
570 3704 656 3757 quem
677 3687 706 3739 in
728 3689 872 3742 contrariis
893 3688 1033 3742 sententiis
1055 3687 1137 3740 modo

153 3751 362 3832 illustrabimur.
398 3773 455 3825 Sed
476 3773 518 3825 77.
532 3761 577 3839 IV,
598 3769 625 3824 4.
652 3787 678 3840 p.
700 3773 831 3837 11777777,
850 3773 893 3825 21.
918 3769 958 3825 ita
974 3773 1138 3840 demensille

156 3866 226 3926 erat,
243 3865 274 3913 nl
289 3878 356 3934 777777,
372 3869 446 3929 pacm
461 3853 590 3911 conscium
604 3855 676 3911 tanti
690 3856 793 3910 77777777
809 3857 931 3920 babebat,
949 3871 1006 3908 ase
1021 3857 1140 3909 dimitte

154 3944 217 3999 7777
244 3945 358 3996 Romam
378 3943 459 3995 etium
480 3943 612 4008 mitteret,
643 3943 690 3996 ubi
711 3937 736 3997 77
756 3933 963 4012 inimicissimum
983 3940 1060 3992 777777
1082 3955 1137 3994 7777
1211 3953 1216 3965 ·

157 4034 277 4098 nepotem
289 4043 364 4079 suunt
381 4033 407 4078 et
424 4027 454 4078 G.
471 4025 655 4084 Caesaremi.

192 4129 304 4184 sueton.
320 4128 379 4182 Gal
395 4125 438 4180 88.
467 4127 623 4186 7711777777
637 4123 749 4188 subinde
763 4145 849 4186 uocem
863 4111 1042 4200 deprecantis,
1060 4124 1137 4198 quasi
1247 4151 1250 4160 ·

157 4215 241 4272 7777777
255 4213 285 4268 iu
302 4212 403 4284 gemitu
416 4213 593 4284 praedulcem

129 4297 174 4368 11.
804 4293 848 4364 86
