2802 4732
219 390 314 485 'aaa
688 404 843 473 u'rrau.
914 506 918 511 .

249 577 379 648 narrat,
405 585 480 630 eum
499 563 533 628 in
556 561 677 628 scholis
696 561 866 642 docuisse,
896 559 1002 627 etiam
1022 560 1107 627 nihil
1125 560 1302 630 aliudesse

275 678 350 721 uam
362 652 590 740 graecum-lu:
612 649 712 736 idque
728 648 890 735 persuasit
906 647 970 734 ipsi
985 646 1157 714 Matthiae.
1177 649 1303 730 Quare
1385 659 1386 680 ¹

251 683 516 816 lindemacus,
550 737 586 800 in
603 734 760 800 ,eamdem
784 735 871 800 viam
895 755 1011 820 ‚nuper
1039 755 1225 823 regressus,
1263 735 1304 800 de

243 827 393 898 Adverb.
418 829 450 889 3.
477 845 511 910 p.
529 827 561 886 9.
595 821 809 888 vehementer
838 841 961 886 errasse
990 821 1215 901 eosceusuit,
1247 822 1304 907 qui

196 973 205 986 ,
251 936 324 980 non
340 913 400 991 aa,
423 909 479 974 sed
496 919 529 974 et
544 909 618 972 iam
634 907 890 980 intellexissent,
911 907 1000 992 ipse,
1023 917 1061 972 ut
1077 906 1223 985 videtur,
1240 907 1304 970 im·
1385 919 1386 960 ἐ

251 1003 385 1066 memor
401 1017 536 1073 eorum,
562 995 688 1081 quibus
711 995 753 1058 ἔτι
777 1004 806 1056 ct
838 1005 870 1069 et
894 994 989 1056 unius
1009 1005 1079 1058 esse
1104 993 1242 1078 originis
1264 993 1304 1056 ab

253 1087 323 1152 aliis
340 1083 603 1148 demonstratum
621 1091 680 1143 est.
726 1080 790 1144 Sed
811 1101 909 1164 quam
925 1078 1118 1164 explicandi
1138 1079 1305 1143 rationem

255 1177 326 1260 ipse
348 1169 498 1247 adhibet,
524 1185 559 1230 ea
583 1167 720 1252 quidem
744 1166 858 1230 ceteris
881 1175 930 1228 est
954 1163 1198 1229 incredibilior:
1230 1186 1305 1229 cum

256 1259 302 1324 eti
316 1255 474 1342 coniungi
490 1252 699 1318 indefinitum
724 1275 799 1332 um,
834 1250 923 1336 quod
948 1249 1039 1314 idem
1063 1251 1251 1314 inveniatur
1270 1251 1306 1313 in

256 1345 348 1409 clam
362 1354 392 1406 et
402 1341 528 1426 palam
544 1340 620 1403 etin
635 1340 718 1414 iam,
743 1337 833 1424 quod
848 1339 957 1424 ipsum
975 1346 1104 1406 constet
1119 1358 1160 1400 ex
1177 1337 1306 1400 duobus

256 1427 433 1496 indefinitis
450 1429 463 1491 i
479 1436 510 1488 et
525 1447 602 1504 am,
625 1425 714 1489 idem
729 1422 996 1512 significantibus.
1041 1423 1091 1508 De
1108 1423 1180 1493 iam
1199 1423 1306 1485 dicam

258 1537 318 1580 suo
334 1515 423 1578 loco.
467 1511 532 1575 Sed
546 1511 715 1599 praeterea
739 1510 829 1597 quod
846 1532 888 1588 ert
909 1508 970 1572 hac
995 1507 1146 1572 doctrina
1164 1509 1306 1572 eti-am

132 1661 135 1669 ,
190 1593 193 1603 ’
256 1600 341 1666 nihil
358 1609 414 1664 aut
431 1619 549 1684 parum
567 1596 677 1660 differt
694 1597 733 1660 ab
755 1595 913 1675 aet-iam,
942 1594 1024 1658 illud
1045 1617 1103 1658 am
1121 1615 1307 1680 numquam

258 1690 294 1752 in
308 1687 420 1772 lingua
443 1684 545 1748 latina
567 1681 631 1747 fuit
648 1682 785 1747 verbum
806 1681 861 1745 aut
882 1681 1060 1746 verborum
1078 1679 1183 1761 sons,
1197 1680 1255 1744 sed
1271 1680 1306 1742 iu

259 1774 352 1851 iam,
379 1769 525 1857 prolum}
557 1769 666 1850 clam,
702 1790 771 1832 non
795 1768 889 1831 aliter
915 1777 1013 1852 atque
1038 1767 1072 1829 in
1097 1777 1189 1846 tom,
1212 1787 1305 1840 nam,

259 1881 381 1958 quiam,
400 1858 421 1918 i.
439 1878 465 1919 e.
489 1879 644 1942 quaa-m,
664 1853 772 1918 littera
787 1876 822 1916 m
837 1854 971 1916 inservit
987 1852 1190 1916 formationi.
1234 1852 1308 1916 Sive

258 1945 359 2030 igitur
373 1953 404 2005 et
421 1943 488 2004 sive
503 1941 551 2004 eti
564 1940 797 2004 substituamus
803 1989 816 2018 ,
837 1939 985 2003 manebit
1010 1939 1110 2003 altera
1130 1960 1206 2025 pars
1222 1939 1306 2010 iam,

261 2028 544 2116 quemadmodum
560 2027 721 2114 quoniam
735 2024 858 2090 factum
875 2035 924 2089 est
940 2023 981 2090 ex'
997 2047 1096 2112 qatom
1111 2024 1195 2088 iam.
1237 2024 1308 2090 Ne-

262 2137 325 2203 que
341 2114 390 2178 his
408 2112 644 2198 obstat,.quod
664 2113 781 2176 dicitur·
797 2125 829 2176 et
846 2112 919 2175 iam
940 2111 1067 2174 duobus
1090 2111 1213 2186 verbis,
1236 2109 1308 2173 und

260 2224 360 2288 aaran,¹
387 2223 448 2264 nec
473 2198 564 2284 quod
591 2208 841 2297 componuntur
865 2208 897 2261 et
927 2198 1051 2276 etium,
1092 2196 1165 2259 iam
1192 2195 1308 2260 etiam.

259 2287 347 2350 Nam
362 2285 599 2370 veriloquium,
615 2295 652 2348 ut
668 2308 701 2347 rn
719 2284 788 2348 aliis
805 2283 937 2365 multis,
961 2283 1099 2346 omniuo
1113 2292 1181 2346 erat
1196 2282 1230 2345 iu
1246 2281 1309 2345 hac

260 2393 353 2448 voce
367 2371 598 2452 obscuratum,
635 2381 672 2434 ut
693 2392 791 2434 nemo
817 2371 922 2455 magis
947 2368 1131 2434 offenderet
1150 2390 1251 2456 quam
1274 2368 1310 2432 iu

186 2457 190 2465 ‘
260 2458 368 2525 verbis
385 2457 604 2544 quiquidem.
915 2459 919 2469 ⁴

324 2598 375 2663 Et
390 2595 510 2683 igitur,
533 2597 624 2684 quod
641 2596 690 2661 vel
715 2619 757 2661 cx
780 2615 897 2684 graeco
918 2595 965 2660 ’ἔτι
989 2606 1119 2675 ortum,
1150 2595 1202 2662 vel
1223 2607 1310 2664 certe

263 2685 460 2770 cognatione
489 2683 519 2747 ei
544 2683 757 2772 proximum,
786 2685 941 2747 notiones
965 2693 997 2744 et
1022 2683 1201 2747 sententias
1227 2707 1310 2748 cou-

262 2771 379 2854 iungit,
396 2792 471 2833 cum
489 2769 745 2846 demonstrativa
764 2767 922 2852 particula
939 2767 1012 2831 iam
1025 2770 1249 2850 connectitur,
1274 2780 1310 2834 ut

257 2856 444 2944 'disquatiu's
461 2858 568 2920 notari
590 2857 697 2944 possit
722 2853 863 2918 accessio
881 2855 940 2917 rei.
965 2854 1045 2918 “Sic
1067 2855 1100 2918 iu
1123 2856 1310 2942 germanica

261 2941 373 3028 lingua
391 2965 461 3006 nun
483 2943 587 3023 aucla,
615 2940 786 3020 nravaocla,
810 2940 877 3004 sive
902 2941 1053 3014 noaucla,
1083 2937 1122 3012 fit
1141 2941 1247 3006 nacla:
1276 2943 1311 3006 iu

263 3030 395 3116 antiqua
412 3027 604 3099 Gothorum
626 3028 735 3114 lingua
760 3024 826 3091 aula
852 3025 1086 3114 cognationem
1109 3021 1209 3092 habet
1233 3050 1312 3094 cum

262 3113 365 3178 verbo
389 3113 503 3193 cazlau
533 3115 555 3177 i.
580 3137 607 3178 e.
641 3135 768 3200 augere.
818 3114 925 3198 Atque
950 3112 1006 3192 illa
1029 3113 1170 3176 accessio
1195 3126 1251 3177 aut
1273 3113 1312 3178 fit

261 3210 393 3286 praeter
410 3200 485 3263 alias
501 3221 573 3282 res,
598 3200 620 3262 i.
644 3222 670 3264 e.
694 3207 880 3286 praeterea,
905 3191 961 3262 dut
977 3205 1050 3261 'non
1075 3199 1187 3262 minus
1211 3223 1313 3286 quam

160 3319 163 3322 ·
263 3285 343 3366 alia,
369 3296 424 3349 aut
444 3306 544 3372 super
567 3285 662 3366 alias,
685 3309 706 3348 r.
725 3307 753 3349 e.
778 3284 880 3367 adeo,
911 3285 1016 3348 autin
1033 3282 1261 3350 confirmanda
1276 3309 1314 3351 ne

263 3392 340 3434 cum
354 3370 502 3458 pondere
520 3369 761 3435 affirmationis.
811 3369 939 3450 Quibus
955 3370 1193 3437 modis'omuis
1209 3375 1313 3460 parti-

263 3457 354 3525 culae
367 3458 414 3521 vis
430 3456 732 3540 comprehenditur.
776 3455 842 3520 Sed
864 3455 1036 3520 differebat
1061 3478 1096 3522 ea
1121 3457 1161 3520 ab
1185 3471 1219 3522 et
1241 3459 1315 3524 iam

261 3543 332 3629 ipsa
348 3542 620 3627 pronuntiatione
642 3563 713 3606 nou
736 3551 866 3606 tautum
889 3542 1017 3607 litterae
1041 3554 1074 3625 t,
1106 3543 1163 3607 sed
1187 3546 1315 3636 primae

198 3683 202 3688 .
261 3627 393 3693 vocalis.

364 3725 551 3784 schwartzius
571 3731 599 3778 et
622 3743 684 3780 cum
705 3745 738 3780 eo
756 3727 806 3780 alii
827 3726 995 3794 docuerunt,
1023 3729 1058 3782 ob
1081 3724 1167 3796 ipsiius
1186 3729 1316 3783 vocabuli

269 3813 276 3820 ⁴
329 3811 465 3882 originem
479 3829 533 3862 non
549 3810 605 3862 dici
622 3821 648 3863 et
660 3812 750 3876 etiam,
766 3812 902 3880 sedatque
916 3815 1014 3867 etiam:
1034 3813 1205 3882 quodquam
1217 3831 1316 3867 verum

328 3906 415 3963 esset,
434 3897 551 3952 diximus
568 3914 594 3963 P·
606 3894 665 3948 am.
701 3895 777 3949 Adde
796 3893 854 3947 cic.
867 3896 902 3950 ed
918 3898 1038 3964 Fami),
1054 3897 1134 3964 25,'7.
1155 3901 1317 3953 auctoritate

260 4011 263 4018 ·
327 3989 375 4037 tua
389 3982 464 4035 nohis
479 3997 543 4049 opus
556 3986 594 4032 est
610 3987 635 4032 et
650 3978 759 4031 ebnsilio
775 3986 800 4032 et
817 3981 898 4034 etiam
914 3985 1018 4052 gratia.
1037 3983 1086 4036 ubi
1100 3983 1223 4038 Orellius
1240 4001 1317 4038 eom·

327 4073 408 4135 perat
426 4067 539 4133 Fragm.
556 4065 637 4116 corn.
653 4062 721 4130 Nep.
742 4081 768 4134 p.
783 4063 844 4118 381.
864 4065 949 4120 Berd.
965 4075 991 4122 et
1005 4070 1086 4122 etiam
1101 4069 1238 4123 debuerat.

358 4169 401 4220 De
423 4177 449 4222 et
464 4169 519 4221 iam
538 4165 601 4241 vide
621 4165 650 4217 in
668 4183 730 4219 rau.
746 4145 835 4236 :Sunt
849 4185 916 4222 vero
929 4149 1011 4236 loci,
1035 4170 1063 4222 iu
1079 4170 1178 4240 quibus
1194 4172 1317 4238 dubites,

325 4252 584 4348 utramhdictionem
607 4252 758 4319 praeferet.
801 4252 859 4306 Cic.
885 4255 920 4308 ud
941 4255 1019 4308 Fam.
1038 4253 1081 4320 15,
1102 4255 1158 4321 16„
1175 4275 1244 4328 quoe
1269 4259 1318 4320 ille
