<?xml version="1.0" encoding="UTF-8"?>
<!DOCTYPE html PUBLIC "-//W3C//DTD XHTML 1.0 Transitional//EN"
    "http://www.w3.org/TR/xhtml1/DTD/xhtml1-transitional.dtd">
<html xmlns="http://www.w3.org/1999/xhtml" xml:lang="en" lang="en">
 <head>
  <title>
</title>
<meta http-equiv="Content-Type" content="text/html;charset=utf-8" />
  <meta name='ocr-system' content='tesseract 3.04.00' />
  <meta name='ocr-capabilities' content='ocr_page ocr_carea ocr_par ocr_line ocrx_word'/>
</head>
<body>
  <div class='ocr_page' id='page_1' title='image "./ferdinandihandi02handgoog_0381.png"; bbox 0 0 2852 4736; ppageno 0'>
   <div class='ocr_carea' id='block_1_1' title="bbox 217 363 822 477">
    <p class='ocr_par' dir='ltr' id='par_1_1' title="bbox 217 363 822 477">
     <span class='ocr_line' id='line_1_1' title="bbox 217 363 822 477; baseline -0.015 -2"><span class='ocrx_word' id='word_1_1' title='bbox 217 407 291 477; x_wconf 42' lang='lat' dir='ltr'><strong>waas</strong></span> <span class='ocrx_word' id='word_1_2' title='bbox 596 363 598 366; x_wconf 70' lang='grc'><strong>’</strong></span> <span class='ocrx_word' id='word_1_3' title='bbox 658 383 822 467; x_wconf 78' lang='lat' dir='ltr'><strong>aum.</strong></span> 
     </span>
    </p>
   </div>
   <div class='ocr_carea' id='block_1_2' title="bbox 207 535 1289 1158">
    <p class='ocr_par' dir='ltr' id='par_1_2' title="bbox 207 535 1289 1158">
     <span class='ocr_line' id='line_1_2' title="bbox 231 535 1285 656; baseline -0.006 -26"><span class='ocrx_word' id='word_1_4' title='bbox 231 559 348 656; x_wconf 75' lang='lat' dir='ltr'><strong>psat.</strong></span> <span class='ocrx_word' id='word_1_5' title='bbox 360 557 412 629; x_wconf 74' lang='grc' dir='ltr'><strong>Β.</strong></span> <span class='ocrx_word' id='word_1_6' title='bbox 429 551 606 647; x_wconf 82' lang='lat' dir='ltr'><strong>Exempla,</strong></span> <span class='ocrx_word' id='word_1_7' title='bbox 622 536 821 656; x_wconf 78' lang='lat' dir='ltr'><strong>quasadliuc</strong></span> <span class='ocrx_word' id='word_1_8' title='bbox 837 535 1088 640; x_wconf 82' lang='lat' dir='ltr'><strong>exstant,·Ennii</strong></span> <span class='ocrx_word' id='word_1_9' title='bbox 1098 553 1285 644; x_wconf 79' lang='lat' dir='ltr'><strong>stallorum</strong></span> 
     </span>
     <span class='ocr_line' id='line_1_3' title="bbox 234 639 1285 736; baseline -0.008 -20"><span class='ocrx_word' id='word_1_10' title='bbox 234 643 605 736; x_wconf 81' lang='lat' dir='ltr'><strong>collegeruntGifauius</strong></span> <span class='ocrx_word' id='word_1_11' title='bbox 628 666 663 708; x_wconf 83' lang='lat' dir='ltr'><strong>ru</strong></span> <span class='ocrx_word' id='word_1_12' title='bbox 688 641 825 713; x_wconf 76' lang='lat' dir='ltr'><strong>collect.</strong></span> <span class='ocrx_word' id='word_1_13' title='bbox 841 641 972 706; x_wconf 85' lang='lat' dir='ltr'><strong>Lucrst.</strong></span> <span class='ocrx_word' id='word_1_14' title='bbox 995 663 1030 732; x_wconf 92' lang='lat' dir='ltr'><strong>p.</strong></span> <span class='ocrx_word' id='word_1_15' title='bbox 1048 643 1101 706; x_wconf 90' lang='grc'><strong>61.·</strong></span> <span class='ocrx_word' id='word_1_16' title='bbox 1134 639 1285 708; x_wconf 85' lang='lat' dir='ltr'><strong>Lauren·-</strong></span> 
     </span>
     <span class='ocr_line' id='line_1_4' title="bbox 234 723 1286 820; baseline -0.007 -20"><span class='ocrx_word' id='word_1_17' title='bbox 234 734 294 800; x_wconf 91' lang='lat' dir='ltr'><strong>bsr</strong></span> <span class='ocrx_word' id='word_1_18' title='bbox 316 733 365 800; x_wconf 83' lang='lat' dir='ltr'><strong>ius</strong></span> <span class='ocrx_word' id='word_1_19' title='bbox 381 731 417 796; x_wconf 90' lang='lat' dir='ltr'><strong>in</strong></span> <span class='ocrx_word' id='word_1_20' title='bbox 433 729 604 820; x_wconf 67' lang='lat' dir='ltr'><strong>antiquar.</strong></span> <span class='ocrx_word' id='word_1_21' title='bbox 653 727 752 794; x_wconf 79' lang='lat'><strong>‚153.</strong></span> <span class='ocrx_word' id='word_1_22' title='bbox 786 735 820 790; x_wconf 86' lang='lat' dir='ltr'><strong>at</strong></span> <span class='ocrx_word' id='word_1_23' title='bbox 842 723 1098 796; x_wconf 83' lang='lat' dir='ltr'><strong>aliilsxioorum</strong></span> <span class='ocrx_word' id='word_1_24' title='bbox 1122 737 1286 793; x_wconf 74' lang='lat' dir='ltr'><strong>auctores.</strong></span> 
     </span>
     <span class='ocr_line' id='line_1_5' title="bbox 207 809 1285 897; baseline -0.007 -11"><span class='ocrx_word' id='word_1_25' title='bbox 207 894 208 897; x_wconf 8' lang='grc' dir='ltr'><strong>Ἴ</strong></span> <span class='ocrx_word' id='word_1_26' title='bbox 235 820 278 886; x_wconf 84' lang='lat' dir='ltr'><strong>Se</strong></span> <span class='ocrx_word' id='word_1_27' title='bbox 324 817 423 882; x_wconf 84' lang='lat' dir='ltr'><strong>ctiam</strong></span> <span class='ocrx_word' id='word_1_28' title='bbox 448 813 532 878; x_wconf 84' lang='lat' dir='ltr'><strong>indo</strong></span> <span class='ocrx_word' id='word_1_29' title='bbox 558 823 592 878; x_wconf 85' lang='lat' dir='ltr'><strong>ct</strong></span> <span class='ocrx_word' id='word_1_30' title='bbox 622 811 707 880; x_wconf 71' lang='lat' dir='ltr'><strong>sacto</strong></span> <span class='ocrx_word' id='word_1_31' title='bbox 742 812 778 877; x_wconf 90' lang='lat' dir='ltr'><strong>iu</strong></span> <span class='ocrx_word' id='word_1_32' title='bbox 807 809 871 875; x_wconf 72' lang='lat' dir='ltr'><strong>usu&#39;</strong></span> <span class='ocrx_word' id='word_1_33' title='bbox 896 821 998 876; x_wconf 80' lang='lat' dir='ltr'><strong>orant.</strong></span> <span class='ocrx_word' id='word_1_34' title='bbox 1059 809 1146 880; x_wconf 80' lang='lat' dir='ltr'><strong>Nam</strong></span> <span class='ocrx_word' id='word_1_35' title='bbox 1170 811 1285 878; x_wconf 85' lang='lat' dir='ltr'><strong>Festus</strong></span> 
     </span>
     <span class='ocr_line' id='line_1_6' title="bbox 235 895 1287 975; baseline -0.007 -4"><span class='ocrx_word' id='word_1_36' title='bbox 235 912 349 971; x_wconf 84' lang='lat' dir='ltr'><strong>narrat</strong></span> <span class='ocrx_word' id='word_1_37' title='bbox 370 899 452 966; x_wconf 86' lang='lat' dir='ltr'><strong>olim</strong></span> <span class='ocrx_word' id='word_1_38' title='bbox 473 899 599 964; x_wconf 89' lang='lat' dir='ltr'><strong>dictum</strong></span> <span class='ocrx_word' id='word_1_39' title='bbox 625 920 694 963; x_wconf 84' lang='lat' dir='ltr'><strong>assa</strong></span> <span class='ocrx_word' id='word_1_40' title='bbox 717 895 923 972; x_wconf 64' lang='lat' dir='ltr'><strong>landoaldus,</strong></span> <span class='ocrx_word' id='word_1_41' title='bbox 950 906 982 963; x_wconf 85' lang='lat' dir='ltr'><strong>st</strong></span> <span class='ocrx_word' id='word_1_42' title='bbox 1003 897 1137 963; x_wconf 84' lang='lat' dir='ltr'><strong>Lucret.</strong></span> <span class='ocrx_word' id='word_1_43' title='bbox 1157 903 1187 975; x_wconf 85' lang='lat'><strong>1,</strong></span> <span class='ocrx_word' id='word_1_44' title='bbox 1210 900 1287 964; x_wconf 78' lang='lat'><strong>241.</strong></span> 
     </span>
     <span class='ocr_line' id='line_1_7' title="bbox 236 981 1287 1074; baseline -0.009 -18"><span class='ocrx_word' id='word_1_45' title='bbox 236 986 453 1074; x_wconf 75' lang='lat' dir='ltr'><em>indupedita.</em></span> <span class='ocrx_word' id='word_1_46' title='bbox 470 988 524 1050; x_wconf 86' lang='grc'><strong>88.</strong></span> <span class='ocrx_word' id='word_1_47' title='bbox 539 981 746 1072; x_wconf 71' lang='lat' dir='ltr'><strong>indisgredic</strong></span> <span class='ocrx_word' id='word_1_48' title='bbox 768 1003 970 1070; x_wconf 87' lang='lat' dir='ltr'><strong>quamquam</strong></span> <span class='ocrx_word' id='word_1_49' title='bbox 986 981 1136 1051; x_wconf 85' lang='lat' dir='ltr'><strong>Gifanius</strong></span> <span class='ocrx_word' id='word_1_50' title='bbox 1154 983 1287 1051; x_wconf 84' lang='lat' dir='ltr'><strong>deside-</strong></span> 
     </span>
     <span class='ocr_line' id='line_1_8' title="bbox 236 1065 1289 1158; baseline -0.002 -20"><span class='ocrx_word' id='word_1_51' title='bbox 236 1084 289 1142; x_wconf 84' lang='lat' dir='ltr'><strong>rat</strong></span> <span class='ocrx_word' id='word_1_52' title='bbox 305 1074 443 1158; x_wconf 79' lang='lat' dir='ltr'><strong>antiqua</strong></span> <span class='ocrx_word' id='word_1_53' title='bbox 456 1071 654 1137; x_wconf 84' lang='lat' dir='ltr'><strong>testimonia.</strong></span> <span class='ocrx_word' id='word_1_54' title='bbox 697 1068 906 1138; x_wconf 81' lang='lat' dir='ltr'><strong>Hocitarum</strong></span> <span class='ocrx_word' id='word_1_55' title='bbox 925 1065 1118 1134; x_wconf 71' lang='lat' dir='ltr'>mutabatur</span> <span class='ocrx_word' id='word_1_56' title='bbox 1136 1069 1171 1134; x_wconf 91' lang='lat' dir='ltr'><strong>in</strong></span> <span class='ocrx_word' id='word_1_57' title='bbox 1193 1069 1289 1137; x_wconf 77' lang='lat' dir='ltr'><strong>indic</strong></span> 
     </span>
    </p>
   </div>
   <div class='ocr_carea' id='block_1_3' title="bbox 238 1153 1290 1326">
    <p class='ocr_par' dir='ltr' id='par_1_3' title="bbox 238 1153 1290 1326">
     <span class='ocr_line' id='line_1_9' title="bbox 238 1153 1290 1246; baseline -0.008 -18"><span class='ocrx_word' id='word_1_58' title='bbox 238 1159 331 1246; x_wconf 74' lang='lat' dir='ltr'><strong>upde,</strong></span> <span class='ocrx_word' id='word_1_59' title='bbox 342 1155 524 1242; x_wconf 75' lang='lat' dir='ltr'><strong>indigena.</strong></span> <span class='ocrx_word' id='word_1_60' title='bbox 566 1155 651 1228; x_wconf 85' lang='lat' dir='ltr'><strong>Nam</strong></span> <span class='ocrx_word' id='word_1_61' title='bbox 663 1153 703 1226; x_wconf 64' lang='lat' dir='ltr'><strong>,in</strong></span> <span class='ocrx_word' id='word_1_62' title='bbox 720 1153 835 1241; x_wconf 88' lang='lat' dir='ltr'><strong>Cypro</strong></span> <span class='ocrx_word' id='word_1_63' title='bbox 858 1163 891 1219; x_wconf 85' lang='lat' dir='ltr'><strong>st</strong></span> <span class='ocrx_word' id='word_1_64' title='bbox 914 1153 950 1218; x_wconf 89' lang='lat' dir='ltr'><strong>in</strong></span> <span class='ocrx_word' id='word_1_65' title='bbox 965 1153 1075 1226; x_wconf 74' lang='lat' dir='ltr'><strong>Grata,</strong></span> <span class='ocrx_word' id='word_1_66' title='bbox 1086 1153 1243 1226; x_wconf 77' lang='lat' dir='ltr'><strong>dixerunt</strong></span> <span class='ocrx_word' id='word_1_67' title='bbox 1257 1157 1290 1222; x_wconf 79' lang='lat' dir='ltr'><strong>ia</strong></span> 
     </span>
     <span class='ocr_line' id='line_1_10' title="bbox 239 1235 1173 1326; baseline -0.007 -15"><span class='ocrx_word' id='word_1_68' title='bbox 239 1254 273 1311; x_wconf 83' lang='lat' dir='ltr'><strong>at</strong></span> <span class='ocrx_word' id='word_1_69' title='bbox 292 1245 390 1310; x_wconf 74' lang='lat' dir='ltr'><strong>laios.</strong></span> <span class='ocrx_word' id='word_1_70' title='bbox 416 1241 513 1306; x_wconf 78' lang='lat' dir='ltr'><strong>Voss.</strong></span> <span class='ocrx_word' id='word_1_71' title='bbox 530 1239 570 1305; x_wconf 91' lang='lat' dir='ltr'><strong>ad</strong></span> <span class='ocrx_word' id='word_1_72' title='bbox 586 1238 706 1312; x_wconf 84' lang='lat' dir='ltr'><strong>Catull.</strong></span> <span class='ocrx_word' id='word_1_73' title='bbox 721 1261 757 1326; x_wconf 82' lang='lat' dir='ltr'><strong>p,</strong></span> <span class='ocrx_word' id='word_1_74' title='bbox 773 1243 847 1309; x_wconf 86' lang='grc'><strong>881.</strong></span> <span class='ocrx_word' id='word_1_75' title='bbox 878 1237 1039 1308; x_wconf 79' lang='lat' dir='ltr'><strong>Vulokan.</strong></span> <span class='ocrx_word' id='word_1_76' title='bbox 1057 1235 1081 1310; x_wconf 78' lang='lat' dir='ltr'><strong>l.</strong></span> <span class='ocrx_word' id='word_1_77' title='bbox 1098 1238 1142 1312; x_wconf 78' lang='lat' dir='ltr'><strong>l.¹</strong></span> <span class='ocrx_word' id='word_1_78' title='bbox 1170 1301 1173 1310; x_wconf 88' lang='grc'>,</span> 
     </span>
    </p>
   </div>
   <div class='ocr_carea' id='block_1_4' title="bbox 168 1353 1292 2134">
    <p class='ocr_par' dir='ltr' id='par_1_4' title="bbox 168 1353 1292 2042">
     <span class='ocr_line' id='line_1_11' title="bbox 292 1353 1290 1449; baseline 0.001 -22"><span class='ocrx_word' id='word_1_79' title='bbox 292 1421 296 1435; x_wconf 74' lang='grc'>,</span> <span class='ocrx_word' id='word_1_80' title='bbox 320 1359 577 1449; x_wconf 79' lang='lat' dir='ltr'><strong>Praepositionis</strong></span> <span class='ocrx_word' id='word_1_81' title='bbox 593 1356 788 1446; x_wconf 85' lang='lat' dir='ltr'><strong>significatio</strong></span> <span class='ocrx_word' id='word_1_82' title='bbox 806 1357 842 1423; x_wconf 92' lang='lat' dir='ltr'><strong>in</strong></span> <span class='ocrx_word' id='word_1_83' title='bbox 857 1354 920 1438; x_wconf 83' lang='lat' dir='ltr'><strong>hac</strong></span> <span class='ocrx_word' id='word_1_84' title='bbox 937 1353 1050 1428; x_wconf 87' lang='lat' dir='ltr'><strong>forma</strong></span> <span class='ocrx_word' id='word_1_85' title='bbox 1072 1379 1137 1424; x_wconf 89' lang='lat' dir='ltr'><strong>uua</strong></span> <span class='ocrx_word' id='word_1_86' title='bbox 1159 1358 1290 1428; x_wconf 83' lang='lat' dir='ltr'><strong>videtur</strong></span> 
     </span>
     <span class='ocr_line' id='line_1_12' title="bbox 239 1441 1288 1533; baseline -0.001 -22"><span class='ocrx_word' id='word_1_87' title='bbox 239 1444 341 1518; x_wconf 84' lang='lat' dir='ltr'><strong>saissa</strong></span> <span class='ocrx_word' id='word_1_88' title='bbox 354 1445 479 1530; x_wconf 86' lang='lat' dir='ltr'><strong>localis.</strong></span> <span class='ocrx_word' id='word_1_89' title='bbox 520 1446 626 1512; x_wconf 88' lang='lat' dir='ltr'><strong>Pauca</strong></span> <span class='ocrx_word' id='word_1_90' title='bbox 650 1452 728 1514; x_wconf 85' lang='lat' dir='ltr'><strong>sunt</strong></span> <span class='ocrx_word' id='word_1_91' title='bbox 747 1441 900 1530; x_wconf 78' lang='lat' dir='ltr'><strong>exempla</strong></span> <span class='ocrx_word' id='word_1_92' title='bbox 916 1443 1106 1525; x_wconf 88' lang='lat' dir='ltr'><strong>accusativi,</strong></span> <span class='ocrx_word' id='word_1_93' title='bbox 1139 1454 1176 1508; x_wconf 88' lang='lat' dir='ltr'><strong>ut</strong></span> <span class='ocrx_word' id='word_1_94' title='bbox 1199 1446 1288 1533; x_wconf 88' lang='lat' dir='ltr'><strong>apud</strong></span> 
     </span>
     <span class='ocr_line' id='line_1_13' title="bbox 240 1527 1290 1618; baseline -0.001 -21"><span class='ocrx_word' id='word_1_95' title='bbox 240 1532 447 1610; x_wconf 77' lang='lat' dir='ltr'><strong>Gellium20,</strong></span> <span class='ocrx_word' id='word_1_96' title='bbox 458 1535 485 1596; x_wconf 90' lang='lat'><strong>1.</strong></span> <span class='ocrx_word' id='word_1_97' title='bbox 504 1527 672 1595; x_wconf 83' lang='lat' dir='ltr'><strong>cndodiea</strong></span> <span class='ocrx_word' id='word_1_98' title='bbox 683 1527 903 1593; x_wconf 81' lang='lat' dir='ltr'><strong>atendocmi.</strong></span> <span class='ocrx_word' id='word_1_99' title='bbox 914 1549 942 1592; x_wconf 89' lang='lat' dir='ltr'><strong>e.</strong></span> <span class='ocrx_word' id='word_1_100' title='bbox 951 1529 1090 1593; x_wconf 73' lang='lat' dir='ltr'><strong>insama</strong></span> <span class='ocrx_word' id='word_1_101' title='bbox 1105 1551 1184 1594; x_wconf 90' lang='lat' dir='ltr'><strong>nam</strong></span> <span class='ocrx_word' id='word_1_102' title='bbox 1197 1531 1290 1618; x_wconf 90' lang='lat' dir='ltr'><strong>quod</strong></span> 
     </span>
     <span class='ocr_line' id='line_1_14' title="bbox 168 1610 1289 1707; baseline 0 -25"><span class='ocrx_word' id='word_1_103' title='bbox 168 1627 180 1636; x_wconf 81' lang='lat'><strong><em>‘</em></strong></span> <span class='ocrx_word' id='word_1_104' title='bbox 242 1639 285 1690; x_wconf 73' lang='lat' dir='ltr'><strong>aar</strong></span> <span class='ocrx_word' id='word_1_105' title='bbox 301 1618 368 1686; x_wconf 88' lang='lat' dir='ltr'><strong>Cio.</strong></span> <span class='ocrx_word' id='word_1_106' title='bbox 385 1615 426 1681; x_wconf 87' lang='lat' dir='ltr'><strong>ds</strong></span> <span class='ocrx_word' id='word_1_107' title='bbox 442 1615 520 1702; x_wconf 84' lang='lat' dir='ltr'><strong>Lag.</strong></span> <span class='ocrx_word' id='word_1_108' title='bbox 536 1620 569 1696; x_wconf 79' lang='lat'><strong>2,</strong></span> <span class='ocrx_word' id='word_1_109' title='bbox 587 1619 618 1680; x_wconf 90' lang='grc'><strong>8.</strong></span> <span class='ocrx_word' id='word_1_110' title='bbox 643 1611 796 1692; x_wconf 77' lang='lat' dir='ltr'><strong>affertur:</strong></span> <span class='ocrx_word' id='word_1_111' title='bbox 821 1635 901 1707; x_wconf 77' lang='lat' dir='ltr'><strong>quoa</strong></span> <span class='ocrx_word' id='word_1_112' title='bbox 916 1611 1005 1678; x_wconf 83' lang='lat' dir='ltr'><strong>endo</strong></span> <span class='ocrx_word' id='word_1_113' title='bbox 1017 1610 1146 1700; x_wconf 75' lang='lat' dir='ltr'><strong>coelum</strong></span> <span class='ocrx_word' id='word_1_114' title='bbox 1161 1617 1289 1682; x_wconf 85' lang='lat' dir='ltr'><strong>merita</strong></span> 
     </span>
     <span class='ocr_line' id='line_1_15' title="bbox 241 1697 1290 1770; baseline -0.002 -2"><span class='ocrx_word' id='word_1_115' title='bbox 241 1711 451 1770; x_wconf 70' lang='lat' dir='ltr'><strong>vocaverunt.</strong></span> <span class='ocrx_word' id='word_1_116' title='bbox 476 1701 578 1764; x_wconf 84' lang='lat' dir='ltr'><strong>critici</strong></span> <span class='ocrx_word' id='word_1_117' title='bbox 595 1699 773 1764; x_wconf 84' lang='lat' dir='ltr'><strong>secundum</strong></span> <span class='ocrx_word' id='word_1_118' title='bbox 787 1697 948 1763; x_wconf 85' lang='lat' dir='ltr'><strong>Lactantii</strong></span> <span class='ocrx_word' id='word_1_119' title='bbox 964 1701 1191 1766; x_wconf 84' lang='lat' dir='ltr'><strong>testimouium</strong></span> <span class='ocrx_word' id='word_1_120' title='bbox 1208 1724 1290 1766; x_wconf 91' lang='lat' dir='ltr'><strong>cor-</strong></span> 
     </span>
     <span class='ocr_line' id='line_1_16' title="bbox 240 1783 1291 1874; baseline 0 -21"><span class='ocrx_word' id='word_1_121' title='bbox 240 1795 400 1853; x_wconf 82' lang='lat' dir='ltr'><strong>rexerunt</strong></span> <span class='ocrx_word' id='word_1_122' title='bbox 412 1783 499 1850; x_wconf 79' lang='lat' dir='ltr'><strong>endo</strong></span> <span class='ocrx_word' id='word_1_123' title='bbox 515 1783 607 1853; x_wconf 86' lang='lat' dir='ltr'><strong>coelo</strong></span> <span class='ocrx_word' id='word_1_124' title='bbox 622 1784 747 1849; x_wconf 81' lang='lat' dir='ltr'><strong>meritc</strong></span> <span class='ocrx_word' id='word_1_125' title='bbox 763 1784 970 1852; x_wconf 67' lang='lat' dir='ltr'><strong>monuerunt.</strong></span> <span class='ocrx_word' id='word_1_126' title='bbox 997 1786 1175 1850; x_wconf 70' lang='lat' dir='ltr'><strong>&#39;Ausonius</strong></span> <span class='ocrx_word' id='word_1_127' title='bbox 1189 1785 1291 1874; x_wconf 87' lang='lat' dir='ltr'><strong>ldyll.</strong></span> 
     </span>
     <span class='ocr_line' id='line_1_17' title="bbox 244 1867 1292 1956; baseline -0.001 -16"><span class='ocrx_word' id='word_1_128' title='bbox 244 1877 296 1942; x_wconf 82' lang='lat'><strong>12.</strong></span> <span class='ocrx_word' id='word_1_129' title='bbox 320 1870 504 1944; x_wconf 87' lang='lat' dir='ltr'><strong>Grammat.</strong></span> <span class='ocrx_word' id='word_1_130' title='bbox 522 1875 574 1938; x_wconf 90' lang='grc'><strong>18.</strong></span> <span class='ocrx_word' id='word_1_131' title='bbox 597 1869 685 1935; x_wconf 80' lang='lat' dir='ltr'><strong>endo</strong></span> <span class='ocrx_word' id='word_1_132' title='bbox 700 1890 799 1933; x_wconf 84' lang='lat' dir='ltr'><strong>suam</strong></span> <span class='ocrx_word' id='word_1_133' title='bbox 813 1867 868 1938; x_wconf 84' lang='lat' dir='ltr'><strong>do.</strong></span> <span class='ocrx_word' id='word_1_134' title='bbox 900 1867 1103 1956; x_wconf 81' lang='lat' dir='ltr'><strong>quodetiam</strong></span> <span class='ocrx_word' id='word_1_135' title='bbox 1122 1869 1292 1940; x_wconf 70' lang='lat' dir='ltr'><strong>Charisius</strong></span> 
     </span>
     <span class='ocr_line' id='line_1_18' title="bbox 183 1952 1291 2042; baseline 0.005 -24"><span class='ocrx_word' id='word_1_136' title='bbox 183 2011 186 2018; x_wconf 92' lang='lat'><strong>.</strong></span> <span class='ocrx_word' id='word_1_137' title='bbox 269 1959 370 2028; x_wconf 78' lang='lat' dir='ltr'><strong>.2¹l9.</strong></span> <span class='ocrx_word' id='word_1_138' title='bbox 393 1977 434 2020; x_wconf 84' lang='lat' dir='ltr'><strong>ex</strong></span> <span class='ocrx_word' id='word_1_139' title='bbox 444 1957 579 2041; x_wconf 88' lang='lat' dir='ltr'><strong>antiquo</strong></span> <span class='ocrx_word' id='word_1_140' title='bbox 596 1955 758 2042; x_wconf 77' lang='lat' dir='ltr'><strong>scriptore</strong></span> <span class='ocrx_word' id='word_1_141' title='bbox 776 1952 881 2019; x_wconf 84' lang='lat' dir='ltr'><strong>habet.</strong></span> <span class='ocrx_word' id='word_1_142' title='bbox 924 1954 1040 2040; x_wconf 80' lang='lat' dir='ltr'>Neque</span> <span class='ocrx_word' id='word_1_143' title='bbox 1054 1957 1090 2024; x_wconf 88' lang='lat' dir='ltr'><strong>in</strong></span> <span class='ocrx_word' id='word_1_144' title='bbox 1104 1957 1173 2021; x_wconf 92' lang='lat' dir='ltr'><strong>ullo</strong></span> <span class='ocrx_word' id='word_1_145' title='bbox 1189 1979 1291 2025; x_wconf 86' lang='lat' dir='ltr'><strong>voca-</strong></span> 
     </span>
    </p>

    <p class='ocr_par' dir='ltr' id='par_1_5' title="bbox 242 1981 1291 2134">
     <span class='ocr_line' id='line_1_19' title="bbox 242 1981 1291 2134; baseline 0.007 -28"><span class='ocrx_word' id='word_1_146' title='bbox 242 1981 323 2107; x_wconf 67' lang='lat' dir='ltr'><strong>lulo</strong></span> <span class='ocrx_word' id='word_1_147' title='bbox 353 2041 540 2134; x_wconf 81' lang='lat' dir='ltr'><strong>composito</strong></span> <span class='ocrx_word' id='word_1_148' title='bbox 570 2038 729 2129; x_wconf 88' lang='lat' dir='ltr'><strong>particula</strong></span> <span class='ocrx_word' id='word_1_149' title='bbox 757 2039 825 2105; x_wconf 82' lang='lat' dir='ltr'><strong>vim</strong></span> <span class='ocrx_word' id='word_1_150' title='bbox 855 2039 1050 2130; x_wconf 84' lang='lat' dir='ltr'><strong>privativam</strong></span> <span class='ocrx_word' id='word_1_151' title='bbox 1074 2039 1187 2110; x_wconf 83' lang='lat' dir='ltr'><strong>habat.</strong></span> <span class='ocrx_word' id='word_1_152' title='bbox 1222 2043 1291 2113; x_wconf 83' lang='lat' dir='ltr'><strong>vid.</strong></span> 
     </span>
    </p>
   </div>
   <div class='ocr_carea' id='block_1_5' title="bbox 245 2124 837 2232">
    <p class='ocr_par' dir='ltr' id='par_1_6' title="bbox 245 2124 837 2232">
     <span class='ocr_line' id='line_1_20' title="bbox 245 2124 837 2232; baseline -0.008 -36"><span class='ocrx_word' id='word_1_153' title='bbox 245 2125 439 2202; x_wconf 81' lang='lat' dir='ltr'><strong>Schneideri</strong></span> <span class='ocrx_word' id='word_1_154' title='bbox 461 2128 575 2200; x_wconf 87' lang='lat' dir='ltr'><strong>Gram.</strong></span> <span class='ocrx_word' id='word_1_155' title='bbox 599 2125 641 2198; x_wconf 83' lang='lat' dir='ltr'><strong>T.</strong></span> <span class='ocrx_word' id='word_1_156' title='bbox 656 2124 682 2196; x_wconf 89' lang='lat' dir='ltr'><strong>l.</strong></span> <span class='ocrx_word' id='word_1_157' title='bbox 708 2147 744 2220; x_wconf 91' lang='lat' dir='ltr'><strong>p.</strong></span> <span class='ocrx_word' id='word_1_158' title='bbox 762 2125 837 2232; x_wconf 80' lang='grc'><strong>568.</strong></span> 
     </span>
    </p>
   </div>
   <div class='ocr_carea' id='block_1_6' title="bbox 667 2311 935 2436">
    <p class='ocr_par' dir='ltr' id='par_1_7' title="bbox 667 2311 935 2436">
     <span class='ocr_line' id='line_1_21' title="bbox 667 2311 935 2436; baseline 0 -2"><span class='ocrx_word' id='word_1_159' title='bbox 667 2347 852 2436; x_wconf 72' lang='lat' dir='ltr'><strong>aaran.</strong></span> <span class='ocrx_word' id='word_1_160' title='bbox 931 2311 935 2320; x_wconf 86' lang='grc'>’</span> 
     </span>
    </p>
   </div>
   <div class='ocr_carea' id='block_1_7' title="bbox 243 2527 1297 3473">
    <p class='ocr_par' dir='ltr' id='par_1_8' title="bbox 243 2527 1297 3473">
     <span class='ocr_line' id='line_1_22' title="bbox 329 2527 1293 2611; baseline 0.004 -17"><span class='ocrx_word' id='word_1_161' title='bbox 329 2530 442 2611; x_wconf 88' lang='lat' dir='ltr'><strong>Quam</strong></span> <span class='ocrx_word' id='word_1_162' title='bbox 456 2527 587 2597; x_wconf 80' lang='lat' dir='ltr'><strong>difficile</strong></span> <span class='ocrx_word' id='word_1_163' title='bbox 603 2539 687 2597; x_wconf 81' lang='lat' dir='ltr'><strong>essct</strong></span> <span class='ocrx_word' id='word_1_164' title='bbox 702 2529 940 2596; x_wconf 85' lang='lat' dir='ltr'><strong>vocabulorum</strong></span> <span class='ocrx_word' id='word_1_165' title='bbox 955 2527 1039 2596; x_wconf 83' lang='lat' dir='ltr'><strong>fines</strong></span> <span class='ocrx_word' id='word_1_166' title='bbox 1054 2539 1087 2597; x_wconf 86' lang='lat' dir='ltr'><strong>st</strong></span> <span class='ocrx_word' id='word_1_167' title='bbox 1103 2528 1293 2599; x_wconf 81' lang='lat' dir='ltr'><strong>discrimina</strong></span> 
     </span>
     <span class='ocr_line' id='line_1_23' title="bbox 246 2614 1293 2715; baseline 0.001 -35"><span class='ocrx_word' id='word_1_168' title='bbox 246 2616 467 2698; x_wconf 78' lang='lat' dir='ltr'><strong>constituero,</strong></span> <span class='ocrx_word' id='word_1_169' title='bbox 500 2616 706 2704; x_wconf 82' lang='lat' dir='ltr'><strong>grammatici</strong></span> <span class='ocrx_word' id='word_1_170' title='bbox 728 2615 875 2702; x_wconf 66' lang='lat' dir='ltr'><strong>maxima</strong></span> <span class='ocrx_word' id='word_1_171' title='bbox 897 2617 932 2682; x_wconf 89' lang='lat' dir='ltr'><strong>in</strong></span> <span class='ocrx_word' id='word_1_172' title='bbox 958 2614 1126 2715; x_wconf 77' lang='lat' dir='ltr'><strong>particulis</strong></span> <span class='ocrx_word' id='word_1_173' title='bbox 1147 2633 1237 2683; x_wconf 72' lang='lat' dir='ltr'><strong>uulua</strong></span> <span class='ocrx_word' id='word_1_174' title='bbox 1259 2626 1293 2682; x_wconf 85' lang='lat' dir='ltr'><strong>st</strong></span> 
     </span>
     <span class='ocr_line' id='line_1_24' title="bbox 245 2700 1293 2789; baseline 0 -21"><span class='ocrx_word' id='word_1_175' title='bbox 245 2717 323 2768; x_wconf 69' lang='lat' dir='ltr'><strong>aaut</strong></span> <span class='ocrx_word' id='word_1_176' title='bbox 345 2701 472 2788; x_wconf 78' lang='lat' dir='ltr'><strong>expanti</strong></span> <span class='ocrx_word' id='word_1_177' title='bbox 495 2711 583 2768; x_wconf 84' lang='lat' dir='ltr'><strong>sunt.</strong></span> <span class='ocrx_word' id='word_1_178' title='bbox 633 2702 720 2768; x_wconf 89' lang='lat' dir='ltr'><strong>Nam</strong></span> <span class='ocrx_word' id='word_1_179' title='bbox 752 2725 770 2766; x_wconf 86' lang='lat' dir='ltr'><strong>a</strong></span> <span class='ocrx_word' id='word_1_180' title='bbox 801 2700 891 2766; x_wconf 85' lang='lat' dir='ltr'><strong>falsis</strong></span> <span class='ocrx_word' id='word_1_181' title='bbox 921 2702 1091 2789; x_wconf 78' lang='lat' dir='ltr'><strong>principiis</strong></span> <span class='ocrx_word' id='word_1_182' title='bbox 1122 2701 1293 2768; x_wconf 82' lang='lat' dir='ltr'><strong>doctrinas</strong></span> 
     </span>
     <span class='ocr_line' id='line_1_25' title="bbox 246 2785 1293 2877; baseline 0.001 -27"><span class='ocrx_word' id='word_1_183' title='bbox 246 2787 376 2868; x_wconf 85' lang='lat' dir='ltr'><strong>axorsi,</strong></span> <span class='ocrx_word' id='word_1_184' title='bbox 399 2807 472 2850; x_wconf 82' lang='lat' dir='ltr'><strong>sam</strong></span> <span class='ocrx_word' id='word_1_185' title='bbox 495 2786 537 2851; x_wconf 91' lang='lat' dir='ltr'><strong>ad</strong></span> <span class='ocrx_word' id='word_1_186' title='bbox 559 2789 732 2875; x_wconf 84' lang='lat' dir='ltr'><strong>opiniones</strong></span> <span class='ocrx_word' id='word_1_187' title='bbox 751 2785 977 2870; x_wconf 80' lang='lat' dir='ltr'><strong>deduxerunt,</strong></span> <span class='ocrx_word' id='word_1_188' title='bbox 1009 2803 1171 2877; x_wconf 82' lang='lat' dir='ltr'><strong>qnasnso</strong></span> <span class='ocrx_word' id='word_1_189' title='bbox 1184 2788 1293 2856; x_wconf 78' lang='lat' dir='ltr'><strong>ratio-</strong></span> 
     </span>
     <span class='ocr_line' id='line_1_26' title="bbox 246 2868 1294 2959; baseline 0.002 -23"><span class='ocrx_word' id='word_1_190' title='bbox 246 2868 343 2936; x_wconf 84' lang='lat' dir='ltr'><strong>nibus</strong></span> <span class='ocrx_word' id='word_1_191' title='bbox 366 2869 524 2953; x_wconf 85' lang='lat' dir='ltr'><strong>stabiliri,</strong></span> <span class='ocrx_word' id='word_1_192' title='bbox 567 2894 627 2938; x_wconf 86' lang='lat' dir='ltr'><strong>nso</strong></span> <span class='ocrx_word' id='word_1_193' title='bbox 657 2893 732 2936; x_wconf 88' lang='lat' dir='ltr'><strong>oum</strong></span> <span class='ocrx_word' id='word_1_194' title='bbox 759 2873 851 2936; x_wconf 85' lang='lat' dir='ltr'><strong>vario</strong></span> <span class='ocrx_word' id='word_1_195' title='bbox 875 2872 1005 2959; x_wconf 80' lang='lat' dir='ltr'><strong>linguas</strong></span> <span class='ocrx_word' id='word_1_196' title='bbox 1032 2891 1094 2936; x_wconf 88' lang='lat' dir='ltr'><strong>usu</strong></span> <span class='ocrx_word' id='word_1_197' title='bbox 1121 2871 1294 2938; x_wconf 88' lang='lat' dir='ltr'><strong>conciliari</strong></span> 
     </span>
     <span class='ocr_line' id='line_1_27' title="bbox 243 2955 1294 3046; baseline 0.003 -27"><span class='ocrx_word' id='word_1_198' title='bbox 243 2964 409 3046; x_wconf 79' lang='lat' dir='ltr'><strong>poterant.</strong></span> <span class='ocrx_word' id='word_1_199' title='bbox 452 2956 576 3022; x_wconf 85' lang='lat' dir='ltr'><strong>Dicunt</strong></span> <span class='ocrx_word' id='word_1_200' title='bbox 589 2958 678 3024; x_wconf 84' lang='lat' dir='ltr'><strong>anim</strong></span> <span class='ocrx_word' id='word_1_201' title='bbox 692 2957 743 3022; x_wconf 90' lang='lat' dir='ltr'><strong>his</strong></span> <span class='ocrx_word' id='word_1_202' title='bbox 760 2955 925 3043; x_wconf 69' lang='lat' dir='ltr'><strong>particulis</strong></span> <span class='ocrx_word' id='word_1_203' title='bbox 941 2955 1117 3044; x_wconf 83' lang='lat' dir='ltr'><strong>significari</strong></span> <span class='ocrx_word' id='word_1_204' title='bbox 1132 2979 1294 3040; x_wconf 86' lang='lat' dir='ltr'><strong>caussam,</strong></span> 
     </span>
     <span class='ocr_line' id='line_1_28' title="bbox 245 3038 1295 3132; baseline 0.004 -28"><span class='ocrx_word' id='word_1_205' title='bbox 245 3039 304 3128; x_wconf 78' lang='lat' dir='ltr'><strong>aad</strong></span> <span class='ocrx_word' id='word_1_206' title='bbox 319 3062 381 3130; x_wconf 87' lang='lat' dir='ltr'><strong>per</strong></span> <span class='ocrx_word' id='word_1_207' title='bbox 395 3063 478 3106; x_wconf 79' lang='lat' dir='ltr'><strong>nam</strong></span> <span class='ocrx_word' id='word_1_208' title='bbox 489 3042 576 3111; x_wconf 84' lang='lat' dir='ltr'><strong>addi</strong></span> <span class='ocrx_word' id='word_1_209' title='bbox 596 3045 731 3114; x_wconf 87' lang='lat' dir='ltr'><strong>rationis</strong></span> <span class='ocrx_word' id='word_1_210' title='bbox 744 3038 992 3132; x_wconf 72' lang='lat' dir='ltr'><strong>expositionem</strong></span> <span class='ocrx_word' id='word_1_211' title='bbox 1009 3045 1112 3131; x_wconf 82' lang='lat' dir='ltr'><strong>magis</strong></span> <span class='ocrx_word' id='word_1_212' title='bbox 1130 3051 1295 3123; x_wconf 79' lang='lat' dir='ltr'><strong>exactam,</strong></span> 
     </span>
     <span class='ocr_line' id='line_1_29' title="bbox 246 3127 1296 3216; baseline 0.004 -24"><span class='ocrx_word' id='word_1_213' title='bbox 246 3128 282 3192; x_wconf 91' lang='lat' dir='ltr'><strong>in</strong></span> <span class='ocrx_word' id='word_1_214' title='bbox 306 3148 369 3214; x_wconf 88' lang='lat' dir='ltr'><strong>qua</strong></span> <span class='ocrx_word' id='word_1_215' title='bbox 400 3129 556 3198; x_wconf 83' lang='lat' dir='ltr'><strong>Germani</strong></span> <span class='ocrx_word' id='word_1_216' title='bbox 584 3149 662 3196; x_wconf 84' lang='lat' dir='ltr'><strong>voce</strong></span> <span class='ocrx_word' id='word_1_217' title='bbox 685 3127 832 3194; x_wconf 80' lang='lat' dir='ltr'><strong>nemlicls</strong></span> <span class='ocrx_word' id='word_1_218' title='bbox 863 3137 1012 3210; x_wconf 87' lang='lat' dir='ltr'><strong>utantur,</strong></span> <span class='ocrx_word' id='word_1_219' title='bbox 1053 3149 1116 3216; x_wconf 83' lang='lat' dir='ltr'><strong>per</strong></span> <span class='ocrx_word' id='word_1_220' title='bbox 1136 3128 1226 3194; x_wconf 82' lang='lat' dir='ltr'><strong>enim</strong></span> <span class='ocrx_word' id='word_1_221' title='bbox 1243 3128 1296 3196; x_wconf 84' lang='lat' dir='ltr'><strong>rei</strong></span> 
     </span>
     <span class='ocr_line' id='line_1_30' title="bbox 246 3214 1297 3362; baseline 0.001 -86"><span class='ocrx_word' id='word_1_222' title='bbox 246 3232 394 3278; x_wconf 85' lang='lat' dir='ltr'><strong>caussam</strong></span> <span class='ocrx_word' id='word_1_223' title='bbox 417 3214 589 3295; x_wconf 84' lang='lat' dir='ltr'><strong>declarari,</strong></span> <span class='ocrx_word' id='word_1_224' title='bbox 627 3235 692 3362; x_wconf 52' lang='lat' dir='ltr'><strong>pua</strong></span> <span class='ocrx_word' id='word_1_225' title='bbox 708 3216 850 3306; x_wconf 63' lang='lat' dir='ltr'><strong>,cognita</strong></span> <span class='ocrx_word' id='word_1_226' title='bbox 874 3235 926 3281; x_wconf 85' lang='lat' dir='ltr'><strong>ras</strong></span> <span class='ocrx_word' id='word_1_227' title='bbox 942 3224 1029 3292; x_wconf 70' lang='lat' dir='ltr'><strong>¹ante</strong></span> <span class='ocrx_word' id='word_1_228' title='bbox 1051 3215 1136 3278; x_wconf 85' lang='lat' dir='ltr'><strong>dicta</strong></span> <span class='ocrx_word' id='word_1_229' title='bbox 1163 3221 1297 3277; x_wconf 87' lang='lat' dir='ltr'><strong>constet</strong></span> 
     </span>
     <span class='ocr_line' id='line_1_31' title="bbox 247 3299 1293 3388; baseline 0 -25"><span class='ocrx_word' id='word_1_230' title='bbox 247 3306 304 3364; x_wconf 89' lang='lat' dir='ltr'><strong>aut</strong></span> <span class='ocrx_word' id='word_1_231' title='bbox 315 3301 467 3385; x_wconf 83' lang='lat' dir='ltr'><strong>cognosci</strong></span> <span class='ocrx_word' id='word_1_232' title='bbox 483 3302 597 3388; x_wconf 86' lang='lat' dir='ltr'><strong>possit.</strong></span> <span class='ocrx_word' id='word_1_233' title='bbox 658 3300 702 3374; x_wconf 90' lang='lat' dir='ltr'><strong>ic,</strong></span> <span class='ocrx_word' id='word_1_234' title='bbox 718 3310 756 3364; x_wconf 89' lang='lat' dir='ltr'><strong>ut</strong></span> <span class='ocrx_word' id='word_1_235' title='bbox 770 3309 876 3369; x_wconf 78' lang='lat' dir='ltr'><strong>sanum&#39;</strong></span> <span class='ocrx_word' id='word_1_236' title='bbox 892 3309 924 3362; x_wconf 79' lang='lat' dir='ltr'><strong>et</strong></span> <span class='ocrx_word' id='word_1_237' title='bbox 943 3299 1159 3366; x_wconf 75' lang='lat' dir='ltr'><strong>novissimum</strong></span> <span class='ocrx_word' id='word_1_238' title='bbox 1174 3308 1293 3366; x_wconf 85' lang='lat' dir='ltr'><strong>aucto-</strong></span> 
     </span>
     <span class='ocr_line' id='line_1_32' title="bbox 245 3382 1296 3473; baseline -0.002 -21"><span class='ocrx_word' id='word_1_239' title='bbox 245 3404 319 3460; x_wconf 76' lang='lat' dir='ltr'><strong>rem</strong></span> <span class='ocrx_word' id='word_1_240' title='bbox 337 3385 528 3467; x_wconf 86' lang='lat' dir='ltr'><strong>nominem,</strong></span> <span class='ocrx_word' id='word_1_241' title='bbox 561 3382 800 3449; x_wconf 86' lang='lat' dir='ltr'><strong>Ramshornius</strong></span> <span class='ocrx_word' id='word_1_242' title='bbox 822 3409 856 3473; x_wconf 90' lang='lat' dir='ltr'><strong>p.</strong></span> <span class='ocrx_word' id='word_1_243' title='bbox 873 3383 947 3452; x_wconf 78' lang='lat'><strong>845.</strong></span> <span class='ocrx_word' id='word_1_244' title='bbox 977 3385 1163 3472; x_wconf 84' lang='lat' dir='ltr'><strong>praecepit,</strong></span> <span class='ocrx_word' id='word_1_245' title='bbox 1194 3405 1296 3469; x_wconf 83' lang='lat' dir='ltr'><strong>quom</strong></span> 
     </span>
    </p>
   </div>
   <div class='ocr_carea' id='block_1_8' title="bbox 246 3468 1419 3557">
    <p class='ocr_par' dir='ltr' id='par_1_9' title="bbox 246 3468 1419 3557">
     <span class='ocr_line' id='line_1_33' title="bbox 246 3468 1419 3557; baseline 0.004 -25"><span class='ocrx_word' id='word_1_246' title='bbox 246 3468 396 3557; x_wconf 82' lang='lat' dir='ltr'><strong>sequitur</strong></span> <span class='ocrx_word' id='word_1_247' title='bbox 419 3471 516 3535; x_wconf 86' lang='lat' dir='ltr'><strong>stiam</strong></span> <span class='ocrx_word' id='word_1_248' title='bbox 536 3470 618 3556; x_wconf 85' lang='lat' dir='ltr'><strong>Aug.</strong></span> <span class='ocrx_word' id='word_1_249' title='bbox 642 3468 864 3535; x_wconf 83' lang='lat' dir='ltr'><strong>Grotafsndus</strong></span> <span class='ocrx_word' id='word_1_250' title='bbox 890 3491 925 3557; x_wconf 91' lang='lat' dir='ltr'><strong>p.</strong></span> <span class='ocrx_word' id='word_1_251' title='bbox 952 3471 1025 3540; x_wconf 78' lang='lat'><strong>175.</strong></span> <span class='ocrx_word' id='word_1_252' title='bbox 1068 3471 1110 3538; x_wconf 80' lang='lat' dir='ltr'><strong>At</strong></span> <span class='ocrx_word' id='word_1_253' title='bbox 1130 3490 1201 3538; x_wconf 89' lang='lat' dir='ltr'><strong>uon</strong></span> <span class='ocrx_word' id='word_1_254' title='bbox 1221 3469 1297 3556; x_wconf 84' lang='lat' dir='ltr'><strong>ipsa</strong></span> <span class='ocrx_word' id='word_1_255' title='bbox 1418 3487 1419 3490; x_wconf 75' lang='grc'>’</span> 
     </span>
    </p>
   </div>
   <div class='ocr_carea' id='block_1_9' title="bbox 246 3553 1303 4334">
    <p class='ocr_par' dir='ltr' id='par_1_10' title="bbox 246 3553 1303 4334">
     <span class='ocr_line' id='line_1_34' title="bbox 248 3553 1298 3637; baseline 0 -19"><span class='ocrx_word' id='word_1_256' title='bbox 248 3574 359 3618; x_wconf 84' lang='lat' dir='ltr'><strong>caussa</strong></span> <span class='ocrx_word' id='word_1_257' title='bbox 379 3553 543 3618; x_wconf 86' lang='lat' dir='ltr'><strong>indicatur</strong></span> <span class='ocrx_word' id='word_1_258' title='bbox 565 3553 616 3619; x_wconf 88' lang='lat' dir='ltr'><strong>his</strong></span> <span class='ocrx_word' id='word_1_259' title='bbox 639 3556 827 3637; x_wconf 80' lang='lat' dir='ltr'><strong>vocabulis,</strong></span> <span class='ocrx_word' id='word_1_260' title='bbox 855 3554 913 3620; x_wconf 86' lang='lat' dir='ltr'><strong>ssd</strong></span> <span class='ocrx_word' id='word_1_261' title='bbox 927 3553 1044 3619; x_wconf 80' lang='lat' dir='ltr'><strong>ueritas</strong></span> <span class='ocrx_word' id='word_1_262' title='bbox 1063 3554 1198 3618; x_wconf 89' lang='lat' dir='ltr'><strong>alicuius</strong></span> <span class='ocrx_word' id='word_1_263' title='bbox 1215 3575 1298 3618; x_wconf 86' lang='lat' dir='ltr'><strong>son-</strong></span> 
     </span>
     <span class='ocr_line' id='line_1_35' title="bbox 246 3639 1298 3719; baseline 0.002 -17"><span class='ocrx_word' id='word_1_264' title='bbox 246 3639 367 3704; x_wconf 84' lang='lat' dir='ltr'><strong>tantiue</strong></span> <span class='ocrx_word' id='word_1_265' title='bbox 395 3660 438 3705; x_wconf 83' lang='lat' dir='ltr'><strong>ax</strong></span> <span class='ocrx_word' id='word_1_266' title='bbox 472 3639 607 3705; x_wconf 79' lang='lat' dir='ltr'><strong>veritato</strong></span> <span class='ocrx_word' id='word_1_267' title='bbox 641 3639 722 3710; x_wconf 87' lang='lat' dir='ltr'><strong>alius</strong></span> <span class='ocrx_word' id='word_1_268' title='bbox 752 3641 929 3710; x_wconf 81' lang='lat' dir='ltr'><strong>sentcntiae</strong></span> <span class='ocrx_word' id='word_1_269' title='bbox 962 3639 1224 3719; x_wconf 83' lang='lat' dir='ltr'><strong>demonstratur,</strong></span> <span class='ocrx_word' id='word_1_270' title='bbox 1260 3649 1298 3704; x_wconf 81' lang='lat' dir='ltr'><strong>st</strong></span> 
     </span>
     <span class='ocr_line' id='line_1_36' title="bbox 246 3723 1299 3813; baseline 0.002 -25"><span class='ocrx_word' id='word_1_271' title='bbox 246 3742 351 3812; x_wconf 89' lang='lat' dir='ltr'><strong>quum</strong></span> <span class='ocrx_word' id='word_1_272' title='bbox 375 3725 567 3811; x_wconf 78' lang='lat' dir='ltr'><strong>praesertim</strong></span> <span class='ocrx_word' id='word_1_273' title='bbox 593 3745 637 3792; x_wconf 80' lang='lat' dir='ltr'><strong>sx</strong></span> <span class='ocrx_word' id='word_1_274' title='bbox 660 3727 781 3790; x_wconf 87' lang='lat' dir='ltr'><strong>caussis</strong></span> <span class='ocrx_word' id='word_1_275' title='bbox 809 3725 1010 3813; x_wconf 82' lang='lat' dir='ltr'><strong>intolligatur</strong></span> <span class='ocrx_word' id='word_1_276' title='bbox 1036 3747 1149 3791; x_wconf 85' lang='lat' dir='ltr'><strong>rarum</strong></span> <span class='ocrx_word' id='word_1_277' title='bbox 1177 3723 1299 3790; x_wconf 84' lang='lat' dir='ltr'><strong>veritas</strong></span> 
     </span>
     <span class='ocr_line' id='line_1_37' title="bbox 247 3808 1299 3898; baseline 0.003 -25"><span class='ocrx_word' id='word_1_278' title='bbox 247 3808 403 3889; x_wconf 82' lang='lat' dir='ltr'><strong>stratio,</strong></span> <span class='ocrx_word' id='word_1_279' title='bbox 424 3808 487 3892; x_wconf 84' lang='lat' dir='ltr'><strong>id,·</strong></span> <span class='ocrx_word' id='word_1_280' title='bbox 506 3810 595 3897; x_wconf 89' lang='lat' dir='ltr'><strong>quod</strong></span> <span class='ocrx_word' id='word_1_281' title='bbox 608 3830 669 3898; x_wconf 83' lang='lat' dir='ltr'><strong>par</strong></span> <span class='ocrx_word' id='word_1_282' title='bbox 683 3812 774 3880; x_wconf 84' lang='lat' dir='ltr'><strong>enim</strong></span> <span class='ocrx_word' id='word_1_283' title='bbox 792 3820 825 3882; x_wconf 75' lang='lat' dir='ltr'><strong>at</strong></span> <span class='ocrx_word' id='word_1_284' title='bbox 843 3831 928 3880; x_wconf 82' lang='lat' dir='ltr'><strong>nom</strong></span> <span class='ocrx_word' id='word_1_285' title='bbox 951 3811 1118 3894; x_wconf 87' lang='lat' dir='ltr'><strong>adiicitur,</strong></span> <span class='ocrx_word' id='word_1_286' title='bbox 1139 3831 1236 3898; x_wconf 84' lang='lat' dir='ltr'><strong>saepe</strong></span> <span class='ocrx_word' id='word_1_287' title='bbox 1258 3810 1299 3876; x_wconf 85' lang='lat' dir='ltr'><strong>in</strong></span> 
     </span>
     <span class='ocr_line' id='line_1_38' title="bbox 247 3891 1299 3976; baseline 0 -18"><span class='ocrx_word' id='word_1_288' title='bbox 247 3916 283 3960; x_wconf 83' lang='lat' dir='ltr'><strong>ss</strong></span> <span class='ocrx_word' id='word_1_289' title='bbox 307 3891 406 3958; x_wconf 85' lang='lat' dir='ltr'><strong>habat</strong></span> <span class='ocrx_word' id='word_1_290' title='bbox 431 3916 588 3961; x_wconf 87' lang='lat' dir='ltr'><strong>caussam.</strong></span> <span class='ocrx_word' id='word_1_291' title='bbox 639 3895 734 3966; x_wconf 89' lang='lat' dir='ltr'><strong>Haud</strong></span> <span class='ocrx_word' id='word_1_292' title='bbox 755 3919 835 3966; x_wconf 87' lang='lat' dir='ltr'><strong>raro</strong></span> <span class='ocrx_word' id='word_1_293' title='bbox 858 3907 969 3968; x_wconf 82' lang='lat' dir='ltr'><strong>tamen</strong></span> <span class='ocrx_word' id='word_1_294' title='bbox 992 3919 1075 3966; x_wconf 80' lang='lat' dir='ltr'><strong>nam</strong></span> <span class='ocrx_word' id='word_1_295' title='bbox 1096 3893 1299 3976; x_wconf 85' lang='lat' dir='ltr'><strong>transitioni,</strong></span> 
     </span>
     <span class='ocr_line' id='line_1_39' title="bbox 247 3978 1300 4074; baseline -0.004 -28"><span class='ocrx_word' id='word_1_296' title='bbox 247 3978 339 4048; x_wconf 79' lang='lat' dir='ltr'><strong>enim</strong></span> <span class='ocrx_word' id='word_1_297' title='bbox 355 3981 569 4068; x_wconf 70' lang='lat' dir='ltr'><strong>suplicationt</strong></span> <span class='ocrx_word' id='word_1_298' title='bbox 585 3981 766 4047; x_wconf 87' lang='lat' dir='ltr'><strong>inserviunt</strong></span> <span class='ocrx_word' id='word_1_299' title='bbox 781 3983 845 4064; x_wconf 86' lang='lat' dir='ltr'><strong>ita,</strong></span> <span class='ocrx_word' id='word_1_300' title='bbox 881 3992 920 4047; x_wconf 85' lang='lat' dir='ltr'><strong>ut</strong></span> <span class='ocrx_word' id='word_1_301' title='bbox 937 4005 1066 4050; x_wconf 86' lang='lat' dir='ltr'><strong>caussas</strong></span> <span class='ocrx_word' id='word_1_302' title='bbox 1081 3981 1175 4049; x_wconf 84' lang='lat' dir='ltr'><strong>notio</strong></span> <span class='ocrx_word' id='word_1_303' title='bbox 1192 4001 1300 4074; x_wconf 86' lang='lat' dir='ltr'><strong>pror-</strong></span> 
     </span>
     <span class='ocr_line' id='line_1_40' title="bbox 247 4064 1300 4170; baseline -0.002 -41"><span class='ocrx_word' id='word_1_304' title='bbox 247 4085 302 4136; x_wconf 82' lang='lat' dir='ltr'><strong>sus</strong></span> <span class='ocrx_word' id='word_1_305' title='bbox 320 4064 414 4130; x_wconf 86' lang='lat' dir='ltr'><strong>absit.</strong></span> <span class='ocrx_word' id='word_1_306' title='bbox 456 4066 571 4152; x_wconf 77' lang='lat' dir='ltr'><strong>Neque</strong></span> <span class='ocrx_word' id='word_1_307' title='bbox 585 4088 664 4130; x_wconf 89' lang='lat' dir='ltr'><strong>vcro</strong></span> <span class='ocrx_word' id='word_1_308' title='bbox 686 4065 766 4134; x_wconf 91' lang='lat' dir='ltr'><strong>illud</strong></span> <span class='ocrx_word' id='word_1_309' title='bbox 774 4118 783 4170; x_wconf 65' lang='lat'>3</span> <span class='ocrx_word' id='word_1_310' title='bbox 807 4067 899 4155; x_wconf 92' lang='lat' dir='ltr'><strong>quod</strong></span> <span class='ocrx_word' id='word_1_311' title='bbox 922 4067 973 4132; x_wconf 85' lang='lat' dir='ltr'><strong>his</strong></span> <span class='ocrx_word' id='word_1_312' title='bbox 996 4066 1166 4157; x_wconf 83' lang='lat' dir='ltr'><strong>particulis</strong></span> <span class='ocrx_word' id='word_1_313' title='bbox 1182 4087 1300 4153; x_wconf 76' lang='lat' dir='ltr'><strong>gram-</strong></span> 
     </span>
     <span class='ocr_line' id='line_1_41' title="bbox 246 4149 1301 4244; baseline -0.004 -25"><span class='ocrx_word' id='word_1_314' title='bbox 246 4150 358 4220; x_wconf 79' lang='lat' dir='ltr'><strong>malici</strong></span> <span class='ocrx_word' id='word_1_315' title='bbox 381 4151 547 4238; x_wconf 76' lang='lat' dir='ltr'><strong>assignant</strong></span> <span class='ocrx_word' id='word_1_316' title='bbox 569 4149 741 4224; x_wconf 78' lang='lat' dir='ltr'><strong>discrimen</strong></span> <span class='ocrx_word' id='word_1_317' title='bbox 772 4177 806 4224; x_wconf 80' lang='lat' dir='ltr'><strong>sn</strong></span> <span class='ocrx_word' id='word_1_318' title='bbox 830 4153 977 4244; x_wconf 85' lang='lat' dir='ltr'><strong>ipsarum</strong></span> <span class='ocrx_word' id='word_1_319' title='bbox 1000 4165 1118 4224; x_wconf 87' lang='lat' dir='ltr'><strong>natura</strong></span> <span class='ocrx_word' id='word_1_320' title='bbox 1140 4151 1301 4230; x_wconf 80' lang='lat' dir='ltr'><strong>cernitur,</strong></span> 
     </span>
     <span class='ocr_line' id='line_1_42' title="bbox 248 4233 1303 4334; baseline 0.002 -32"><span class='ocrx_word' id='word_1_321' title='bbox 248 4256 355 4326; x_wconf 83' lang='lat' dir='ltr'><strong>usque</strong></span> <span class='ocrx_word' id='word_1_322' title='bbox 381 4233 596 4306; x_wconf 79' lang='lat' dir='ltr'><strong>confirmatur</strong></span> <span class='ocrx_word' id='word_1_323' title='bbox 623 4258 686 4310; x_wconf 84' lang='lat' dir='ltr'><strong>usu</strong></span> <span class='ocrx_word' id='word_1_324' title='bbox 720 4241 923 4334; x_wconf 84' lang='lat' dir='ltr'><strong>scriptorum</strong></span> <span class='ocrx_word' id='word_1_325' title='bbox 945 4245 1105 4308; x_wconf 76' lang='lat' dir='ltr'><strong>istarum.</strong></span> <span class='ocrx_word' id='word_1_326' title='bbox 1151 4235 1303 4304; x_wconf 81' lang='lat' dir='ltr'><strong>Plurima</strong></span> 
     </span>
    </p>
   </div>
   <div class='ocr_carea' id='block_1_10' title="bbox 0 0 1446 4736">
    <p class='ocr_par' dir='ltr' id='par_1_11' title="bbox 0 0 1446 4736">
     <span class='ocr_line' id='line_1_43' title="bbox 0 0 1446 4736; baseline 0 0"><span class='ocrx_word' id='word_1_327' title='bbox 0 0 1446 4736; x_wconf 95' lang='lat' dir='ltr'><strong> </strong></span> 
     </span>
    </p>
   </div>
  </div>
 </body>
</html>
