2782 4730
592 367 665 446 Ex.
695 410 699 426 ι
817 342 823 349 ’
1082 385 1154 459 auu
1251 393 1254 414 ι

105 581 110 592 .
165 531 210 603 13,
223 532 293 602 8,-5.
325 549 359 588 ca
379 533 403 586 si
424 531 511 588 dicum
532 549 585 586 uon
606 542 689 588 essee
702 550 732 590 re
750 534 857 603 publica
877 537 977 603 diuidi,
1005 537 1142 600 deserete

166 625 274 686 uidear,
291 637 346 672 nou
359 636 465 689 rogare.
490 618 525 670 de
540 618 608 686 Leg.
621 617 698 684 226,
713 617 755 672 66.
774 637 833 677 ιιοιι.
844 622 927 674 solum
941 623 1147 692 eruditissimae

104 713 111 764 ,’
163 707 308 760 sedetiam
332 703 428 758 eicise
450 711 479 754 re
498 703 606 771 publicu
625 705 738 756 moriare
758 705 921 774 tuendaeque
939 707 1056 760 ciuitatis
1067 706 1143 775 peri-

166 791 288 846 tissimus.
313 788 362 842 uhi
377 787 435 840 sine
449 779 545 854 caussa
561 787 668 841 dubitat
687 789 840 858 Wagnerus
854 809 880 859 p.
892 789 951 844 156.
971 791 1097 846 ιιᾱἚιιιιι.
1114 788 1140 858 9,

164 877 207 941 21,
220 875 245 929 l.
271 891 334 928 num
345 879 454 942 practer
470 875 539 929 leuuc
555 857 584 928 C:
601 875 746 928 Carbonem
759 903 794 914 -
808 875 871 928 civis
885 893 899 928 e
913 876 1060 945 republica
1073 875 1144 930 Gara

166 965 262 1016 bonurn
276 975 350 1020 anno
358 957 425 1024 fuit.
469 957 543 1010 Phil.
559 957 585 1024 8,
602 957 686 1028 4,13.
711 963 739 1011 et
758 958 792 1020 de
813 959 874 1014 loco
895 959 1143 1028 6116561665,

102 1095 106 1102 ,
157 1045 189 1112 ’9,
205 1045 248 1100 24,
274 1043 337 1096 vida
354 1041 498 1095 Orellium.
530 1043 590 1096 Isiu.
604 1043 647 1108 23,
662 1041 744 1112 24,1.
773 1044 841 1095 Cum
859 1044 950 1096 verbis
967 1044 1064 1102 actius
1080 1034 1139 1098 'cta

67 1161 68 1164 =
101 1181 107 1192 ,
163 1131 237 1185 Phil.
253 1129 279 1195 3,
294 1128 337 1190 12,
352 1125 394 1180 36.
419 1128 520 1181 duobus
541 1135 589 1182 cut
603 1130 809 1186 trilusseuatus
824 1130 947 1184 consultis
963 1131 1026 1182 leue
1039 1135 1065 1182 et
1079 1145 1095 1194 ¹e
1109 1145 1143 1204 tte¹

144 1215 270 1284 ¹publica
287 1213 392 1278 factis,
410 1203 524 1280 reliquas
544 1229 586 1264 res
605 1212 642 1264 ad
660 1212 761 1282 lucrum
774 1209 1139 1281 praedampuerecocuoerit.
1160 1273 1164 1282 ¹

86 1293 92 1302 ⁶
163 1297 242 1352 suet.
260 1297 338 1350 Caes.
355 1296 396 1349 19.
422 1314 454 1349 ue
475 1297 573 1348 Catone
593 1296 696 1362 quidem
717 1297 862 1362 abnuente,
890 1315 948 1352 cam
969 1297 1139 1367 largitionem

83 1373 84 1381 ¹
144 1397 179 1454 ‚e
194 1381 340 1449 republica
349 1381 422 1448 ficri.
465 1381 563 1438 lnhac
577 1379 697 1434 formula
710 1379 970 1451 ultiqueusurpatur
983 1399 1012 1446 e,
1030 1398 1084 1436 uon
1099 1398 1139 1444 ee,

165 1465 237 1534 quad
252 1465 321 1518 alias
336 1465 507 1533 componitur
520 1481 582 1516 cam
597 1463 707 1515 nomine
724 1481 769 1528 re,
784 1464 872 1518 veluti
889 1485 916 1534 p.
932 1466 1021 1520 Balbo
1038 1465 1081 1530 21,
1095 1463 1138 1516 62.

96 1605 106 1612 ,
163 1557 197 1602 ec
215 1551 255 1602 rei
273 1550 396 1618 publicae
418 1556 577 1618 tempestate.
612 1549 647 1601 ad
663 1547 804 1618 Quintia
820 1548 845 1614 3,
861 1549 928 1616 9,,2.
955 1551 1062 1608 Tamen
1079 1549 1137 1603 Cic.
1161 1578 1168 1624 .·'

99 1691 103 1696 ,
162 1633 236 1686 Phil.
250 1633 276 1698 3,
293 1631 334 1697 15,
352 1632 395 1687 38.
413 1641 480 1686 recte
504 1641 582 1702 utque
603 1634 695 1688 ordine
718 1651 801 1702 eaque
825 1652 853 1688 re
871 1637 978 1703 publicu
991 1636 1087 1701 secisse
1110 1637 1140 1689 el

160 1717 244 1784 5,,13,
261 1716 302 1772 36.
322 1735 404 1786 exque
420 1734 448 1770 re
462 1719 569 1786 publica
579 1719 682 1784 fecisse.
724 1719 784 1785 Quo
804 1719 937 1785 efficitur,
957 1738 1011 1773 nou
1030 1733 1139 1771 sensum

162 1805 325 1868 verborum,
351 1802 400 1854 sed
415 1801 538 1855 litteram
554 1801 694 1856 moderari
710 1821 797 1857 usum.
825 1804 1053 1858 cf.haur.t··a11a
1069 1803 1121 1858 1.,1.

196 1907 287 1959 Plaut.
303 1905 402 1957 Pseud.
419 1905 445 1969 1,
461 1905 487 1969 3,
502 1904 568 1958 162..
586 1921 619 1956 ex
638 1911 687 1956 tua
704 1922 733 1962 re
753 1915 875 1974 nonest,
894 1917 925 1962 ut
945 1927 995 1980 ego
1015 1906 1138 1960 emoriar.

164 1991 276 2064 {cuent
291 1991 380 2046 Phor.
390 1987 416 2052 5,
432 1987 457 2053 8,
473 1986 516 2039 76.
534 2005 587 2037 oon
603 1988 687 2038 leercle
702 2006 734 2040 ex
752 2005 781 2040 rc
794 1991 924 2045 istiususe
938 1993 1083 2063 instigasti.
1104 1990 1140 2066 ἃς

99 2127 101 2132 ,
163 2090 218 2142 qua
234 2072 353 2124 dictione
367 2070 422 2122 vid.
440 2069 574 2122 Hadrian.
593 2069 730 2122 cardinal.
749 2091 775 2140 p.
790 2073 850 2127 236.
866 2075 936 2144 (81.)
956 2077 1086 2134 Gu1ielm,
1102 2073 1139 2134 ad

163 2158 254 2210 Plaut.
271 2154 337 2208 (list.
354 2173 376 2208 c.
386 2153 412 2208 8.
430 2154 527 2208 T.111.
538 2155 648 2208 Gruter.
658 2173 684 2224 p.
696 2154 755 2208 341.
776 2162 846 2212 etex
856 2158 1138 2226 hiascrivsrdneed(

197 2345 244 2396 Ec:
258 2360 307 2396 usu
316 2347 368 2395 esee
381 2340 415 2395 de
429 2358 471 2407 eo,
484 2341 554 2410 qnod
568 2341 714 2409 conducat
728 2341 799 2412 qaod
807 2345 874 2398 utile
887 2347 942 2400 sits
953 2330 1043 2400 Plaut.
1052 2349 1152 2420 Meuan
1165 2367 1171 2382 ι

163 2429 190 2494 3,
206 2427 232 2494 3,
247 2427 289 2482 66.
307 2445 397 2480 cecum
411 2445 464 2479 uon
478 2445 509 2478 ec
523 2443 573 2480 usu
587 2433 676 2480 nostro
692 2435 747 2492 est,
763 2447 809 2482 nec
819 2433 915 2500 placet.
942 2433 1054 2486 Terent.
1067 2433 1138 2489 Heu.

94 2543 97 2548 ·
164 2513 190 2580 4,
198 2513 274 2580 3,16.
291 2531 324 2565 ex
339 2529 388 2564 usu
403 2513 471 2581 quod
481 2519 533 2576 cst,
552 2512 581 2563 id
592 2529 743 2581 persequer.
763 2514 842 2566 Caes.
855 2516 889 2568 B.
903 2518 969 2586 gall.
979 2517 1005 2581 1,
1019 2515 1061 2570 36.
1080 2519 1153 2570 eum'

99 2627 104 2634 -
163 2607 219 2658 rent
235 2614 289 2651 uou
304 2598 435 2649 minusca
455 2613 505 2646 usu
523 2603 611 2648 terrae
628 2598 736 2648 Gallice
750 2617 829 2666 quum
840 2591 1053 2671 populiroen'oni
1068 2600 1138 2653 acciss

164 2685 240 2737 dis'se.
275 2682 364 2735 Tacit.
381 2681 477 2733 ΑιιιιιιΙ.
486 2678 511 2744 6,
528 2673 569 2734 42.
588 2682 632 2749 qui
647 2682 747 2750 plebem
755 2684 914 2750 primoribus
927 2685 1041 2738 tradidit
1051 2699 1139 2750 exsuo

135 2811 138 2814 .
164 2786 221 2834 unu.
257 2765 299 2831 15,
315 2765 357 2818 43.
377 2783 409 2818 eu
423 2783 455 2818 ex
470 2766 588 2818 utilitate
601 2773 708 2834 acceptu
727 2767 843 2821 decorem
868 2787 966 2838 quoque
979 2785 1064 2826 nouae
1078 2767 1148 2837 urii?
1170 2789 1172 2796 ’

164 2855 286 2910 attulere.
317 2853 352 2904 ci.
366 2850 511 2912 Heindorf.
526 2849 562 2902 ad
578 2849 635 2904 Cic.
653 2849 764 2904 deNat.
780 2852 805 2904 d.
823 2841 987 2919 2,65,163.’

197 2955 259 3008 Isis.
274 2955 317 3020 45,
332 2954 374 3020 44,
390 2952 433 3007 11.
455 2954 479 3006 si
501 2951 580 3006 dctus
598 2954 686 3006 Gallis
702 2962 766 3006 esset
779 2956 895 3024 (ager),
920 2957 1059 3026 ignoscere
1070 2953 1141 3006 Pru·

60 3042 62 3048 ’
163 3041 354 3104 stomachose,
379 3039 407 3092 si
419 3047 450 3092 'cu
463 3039 564 3090 nullius
579 3038 679 3090 iniuria
698 3041 839 3107 quidquam
854 3041 878 3091 ci
893 3041 987 3091 dutum
1001 3026 1077 3090 uellet
1090 3043 1140 3106 p'oae

163 3127 242 3198 putus
258 3139 391 3176 romanus.
407 3122 426 3174 i.
443 3139 467 3176 e.
485 3122 513 3174 in
528 3121 673 3188 iniuriam,
693 3139 755 3173 cum
770 3123 876 3175 ratione
892 3122 1019 3174 iniuriae.
1055 3120 1143 3174 Sinni(

161 3210 320 3276 litenputo,
328 3206 356 3271 Ί,
364 3206 407 3271 36,
416 3205 458 3280 16,
477 3223 550 3275 quern
556 3214 665 3275 patrum
678 3207 815 3276 autplcbis
828 3224 889 3271 esse,
903 3208 948 3275 qui
960 3213 1009 3258 aut
1023 3223 1049 3259 se
1063 3212 1140 3260 tanto

159 3291 377 3368 periculoscieus·
389 3293 498 3358 offerat,
526 3297 574 3342 aut
596 3290 639 3341 oui
659 3307 693 3344 eu
715 3290 816 3344 iniuria
838 3291 1001 3344 insanientis
1014 3291 1158 3346 exercituo.

161 3395 257 3434 aaaron
273 3383 343 3429 reete
357 3375 558 3429 committatur?

198 3483 225 3533 Ε
245 3497 274 3533 re
295 3485 362 3531 nato
378 3475 493 3542 dicitur,
520 3471 594 3546 quod
610 3477 679 3532 alibi
695 3483 739 3533 est
749 3497 800 3549 pro
813 3496 842 3534 rc
855 3483 930 3533 nuta
965 3479 1077 3533 Terent.
1089 3477 1139 3532 Ad.

163 3555 232 3629 a,'1,
246 3561 271 3617 8.
293 3581 307 3617 e
326 3581 355 3646 re
375 3570 442 3615 natu
457 3563 549 3616 melius
567 3565 634 3631 sueri
654 3565 822 3634 conputruit,
846 3581 925 3633 quam
941 3567 1081 3630 factumst.
1105 3563 1140 3616 de

165 3664 218 3714 qua
230 3647 419 3701 dictionevid.
434 3649 555 3702 Donatur
566 3655 595 3702 et
607 3648 780 3702 Westerltov.
799 3652 827 3700 ct
839 3648 971 3702 Pricaeus
987 3649 1022 3702 ud
1031 3646 1139 3716 Apulei.

164 3729 231 3783 Met.
246 3748 273 3798 p.
290 3731 349 3785 196.
371 3739 399 3784 et
415 3733 587 3802 Oudendorp.
610 3751 636 3802 p.
655 3733 714 3786 662.
731 3739 759 3786 et
774 3730 833 3786 61θί

197 3830 453 3899 Quinctianae.
472 3838 541 3906 quod
558 3835 651 3902 laedit,
668 3841 716 3890 aut
732 3836 837 3890 omuino
850 3837 994 3908 repellere,
1011 3841 1059 3888 eut
1073 3839 1141 3888 certe

164 3915 296 3980 minuere,
315 3935 347 3970 ex
360 3936 454 3972 caussa
469 3927 516 3974 est.

178 4015 211 4104 a)
234 4015 274 4080 Ia
294 4017 459 4085 codicibus
485 4043 584 4109 saepe
608 4020 685 4086 elisa
708 4029 755 4085 est
778 4021 982 4108 praepositio
1007 3973 1141 4110 praece-

95 4103 195 4170 dente
209 4113 254 4168 et.
280 4102 346 4166 vid.
367 4104 536 4171 Drakenb.
553 4105 594 4171 ad
609 4107 680 4171 Liv.
697 4107 730 4188 5,
745 4111 798 4187 32,
814 4105 846 4170 4.
871 4111 902 4186 6,
910 4111 941 4188 7,
950 4105 981 4170 4.
989 4106 1142 4185 83,36,7.
1179 4163 1182 4170 ,

93 4199 173 4280 post
189 4211 219 4256 e·
248 4187 431 4296 Drakenb.
449 4190 491 4256 ad
507 4191 577 4270 Liv.
594 4195 625 4274 8,
642 4195 674 4278 4,
691 4197 741 4258 12.
777 4196 829 4278 10,
845 4193 1142 4287 43,11.,2e‚1e,a.
1231 4279 1234 4286 ἱ
