2852 4736
60 1015 65 1026 “
157 1069 161 1076 ,
251 1017 303 1073 est
318 1007 422 1093 ipsius
438 1005 598 1071 doctrina.
634 1004 769 1087 Quoda

134 1495 137 1500 .
249 1433 367 1520 galam
395 1431 662 1500 accommodant.
712 1432 829 1520 Neque

240 344 303 415 tet
652 335 867 423 Euvmuu.

148 536 157 544 -
244 497 326 566 duam
340 496 554 578 constituens,
570 513 638 584 quo
653 495 809 583 equidem
824 501 881 560 aot
893 489 1053 582 significet
1065 515 1131 583 ego
1147 494 1298 584 qiidam,

249 595 306 658 aut
326 606 405 655 mea
428 580 565 670 quidem
581 579 766 656 sententia.
808 581 923 666 Neque
948 601 1010 664 ego
1034 581 1166 646 invideo
1188 583 1298 648 laudi·
1360 650 1365 664 ,

245 669 327 748 bus,
363 687 442 754 quas
473 666 523 730 vir
546 666 755 734 doctissimus
788 665 852 730 hac
885 658 1092 754 expositione
1117 667 1184 732 iam
1209 665 1300 753 apud

247 753 373 832 multos
391 761 611 838 consequutus
627 762 695 830 est,
719 750 777 816 sed
791 747 936 830 nollem,
959 772 1011 816 eas
1025 752 1061 816 in
1076 753 1298 836 arrogantiam

120 847 126 857 “
246 836 416 916 vertisset,
447 857 511 922 qua
534 836 569 902 in
597 835 704 902 labnii
727 835 846 902 Annal.
869 839 921 917 10,
948 841 977 902 1.
1000 858 1031 922 p.
1055 837 1109 902 65.
1134 857 1208 916 eoa,
1264 837 1298 902 ui

248 922 343 988 aliter
363 921 521 1000 sentiant,
546 919 759 1008 proscindere
771 921 911 1074 (lemt‘··
928 919 1015 986 Nam
1037 918 1190 1017 prolecto
1213 858 1311 1016 falsa

809 1006 913 1072 Serva
928 1015 1157 1070 auctoritatem
1173 1014 1300 1086 munet,

248 1113 289 1171 ea
302 1111 423 1180 parum
440 1089 621 1158 admodum
636 1091 739 1162 valet:
767 1113 846 1156 nam
869 1089 911 1154 ad
929 1089 1018 1178 Virg-
1037 1091 1158 1178 Georg.
1177 1094 1206 1170 1,
1224 1093 1299 1174 198,

231 1227 233 1233 .
250 1195 337 1268 quae
351 1175 507 1263 leguntur
522 1175 638 1244 verbor
664 1175 754 1264 quod
766 1175 867 1247 multi
877 1197 943 1262 pro
960 1197 1025 1263 ega
1045 1175 1239 1260 accipiunt,
1259 1163 1299 1254 id

250 1273 319 1340 est,
340 1285 405 1349 ego
441 1261 567 1334 uidem.
591 1271 760 1341 sunteas
782 1261 961 1328 recentiori
980 1281 1084 1341 manu
1100 1259 1241 1340 adiecta,
1267 1267 1301 1324 et

250 1367 335 1434 quae
351 1346 403 1416 ad·
415 1284 498 1414 len.
517 1352 547 1429 1,
561 1351 655 1429 576„
678 1368 777 1414 usum
796 1346 922 1498 Virpilii
935 1355 1102 1434 spectant,
1134 1345 1229 1432 eique
1244 1365 1311 1442 ζα»,

864 1450 924 1498 uoe
949 1430 1066 1514 clarius
1090 1439 1158 1512 eat,
1186 1439 1224 1494 ut
1244 1425 1312 1509 lta,

250 1517 314 1598 ult,
334 1513 489 1606 equidem
503 1537 547 1582 ex
561 1540 625 1604 ego
641 1515 777 1604 quidem
792 1537 861 1584 esre
876 1513 1066 1592 conflatum.
1108 1515 1195 1582 Nam
1211 1535 1300 1600 quo·
1406 1587 1407 1590 Ἴ

250 1599 357 1674 modo
380 1600 446 1668 boo
470 1599 543 1700 fieri
564 1603 731 1690 potuerit,
769 1625 870 1671 nemo
894 1599 1002 1668 adhuc
1024 1601 1149 1673 docuit.
1198 1599 1312 1686 Atqui,
1406 1625 1407 1652 t

250 1709 323 1756 nou
353 1687 465 1776 potuit
490 1685 681 1775 principalis
712 1686 840 1774 syllaba
896 1711 915 1754 o
947 1687 1060 1770 obiici,
1096 1685 1161 1750 nisi
1190 1685 1301 1752 omnis

250 1783 370 1840 natura
391 1769 542 1838 vocabuli
564 1772 797 1839 destrueretur.
850 1711 927 1854 (llio
949 1793 1028 1838 vero
1053 1770 1182 1838 differat
1204 1769 1301 1858 equi-

252 1855 331 1934 dem
351 1879 370 1921 a
395 1855 550 1947 quidem,
571 1867 604 1923 et
642 1877 686 1922 uo
701 1858 772 1924 iure
790 1857 891 1928 alium
909 1857 1022 1923 locam
1037 1855 1209 1928 inordine
1223 1877 1310 1928 νοτ-η
1406 1859 1407 1898 ³

250 1942 375 2016 borum
407 1940 571 2021 obtineat,
614 1879 650 2010 ib
681 1964 723 2010 ex
751 1944 763 2008 i
787 1965 824 2010 sa
850 1938 1118 2010 conformatione
1148 1937 1252 2007 vocab
1277 1941 1302 2014 li

148 2079 150 2086 ,
250 2025 486 2128 proficiscitur.
528 2027 617 2096 Haec
633 2027 730 2106 ‚enim
752 1966 786 2092 il

251 2109 371 2193 infert,
394 2133 542 2200 quanon
559 2112 718 2181 adunam
734 2113 926 2194 notionem,
953 2114 1012 2180 aed
1035 2113 1077 2179 ad
1098 2121 1206 2183 totam
1224 2135 1309 2178 sea·.

251 2197 390 2275 tentiam
421 2195 573 2265 adiicitur
605 2196 829 2269 confirmatio·
886 2198 979 2268 Nihil
1009 2220 1088 2265 sero
1117 2197 1302 2286 perversius

251 2281 391 2369 eogitari
415 2289 545 2381 potest,
578 2303 677 2368 quam
709 2282 800 2370 quod
832 2281 966 2366 dicunt,
1000 2283 1172 2372 equidem,
1202 2304 1305 2370 saepe

250 2369 398 2442 orationi
418 2369 646 2449 interiectum,
668 2391 802 2436 aeneum
821 2367 943 2436 habere
962 2391 1041 2438 meu
1064 2367 1201 2458 quidem.
1220 2380 1303 2438 sette-

249 2452 383 2534 aeratae,¹
408 2453 476 2526 siue
499 2463 569 2520 ute
596 2451 768 2540 equidem
791 2453 953 2526 arbitror.
997 2455 1078 2539 Quo
1090 2454 1178 2524 enitu
1196 2451 1309 2530 modo¹

249 2539 285 2613 id
299 2535 383 2614 fiatl
413 2561 455 2610 an
477 2561 538 2626 per
553 2477 681 2625 ellipsin
698 2537 900 2624 verboruml
926 2561 968 2606 an
990 2561 1052 2627 per
1072 2531 1305 2612 conturbatio-

252 2647 333 2698 nem
357 2621 542 2694 orationis?
579 2623 656 2688 Non
680 2623 827 2712 ineptior
851 2635 936 2690 esset
961 2625 1139 2704 sententia,
1176 2623 1302 2710 siquis

252 2709 448 2789 arbitretur,
479 2708 577 2774 etiam
601 2707 699 2774 verba
716 2733 780 2798 ego
800 2710 936 2798 quidem
952 2709 1102 2777 absolute
1117 2707 1204 2774 dieta
1223 2731 1302 2792 ora·

777 2028 845 2092 lam
863 2029 1104 2118 proprietatem
1120 2027 1226 2116 partic
1263 2047 1303 2094 aa

104 2797 123 2860 Q
208 2793 336 2870 ‚tioni
358 2791 527 2878 interponi
549 2816 647 2878 posse
675 2797 793 2862 eodem
823 2815 929 2863 sensu.
987 2795 1058 2874 Neo
1087 2795 1202 2870 video,
1236 2813 1306 2882 qua¹

251 2881 382 2954 ratione
397 2878 490 2948 istius
506 2878 673 2966 opinionis
690 2879 880 2946 defensores
905 2902 939 2945 se
962 2879 1193 2967 expedientia
1217 2875 1300 2946 locis
1407 2873 1408 2952 ζ

251 2964 328 3064 eius·
339 2964 483 3050 generis,
515 2964 606 3032 ouius
627 2976 676 3030 est
697 2967 766 3038 (tic.
791 2966 831 3038 de
855 2965 947 3030 Orat.
964 2970 996 3041 2,
1020 2969 1051 3044 6,
1065 2967 1119 3030 25.
1149 2964 1200 3028 sic
1223 2987 1241 3030 e
1265 3043 1268 3050 Ι
1288 3012 1310 3048 ,,

251 3049 284 3120 si
312 3069 386 3114 eam
408 3047 494 3118 miti
517 3049 765 3136 disputandam
797 3053 843 3116 ait
868 3049 912 3118 de
936 3049 990 3118 bie
1017 3049 1143 3124 nostrie
1166 3059 1218 3121 atu
1260 3047 1304 3133 is,
1407 3073 1408 3120 t

251 3131 361 3210 nolim
382 3131 537 3224 equidem
560 3133 656 3220 apisci
680 3136 824 3204 rusticos
848 3147 923 3205 etot·

334 3217 506 3308 Equidem
531 3219 655 3290 sactum
691 3232 739 3290 est
761 3243 803 3288 ex
824 3221 961 3308 quidem
985 3231 1017 3288 et
1040 3244 1059 3288 e
1083 3221 1139 3288 illa
1165 3221 1306 3311 syllaba,
1407 3297 1408 3308 q

251 3301 432 3376 coluerim
455 3304 707 3372 monstrativum
731 3318 763 3372 et
786 3306 1046 3375 confirmativam
1068 3305 1303 3387 illustravimus

193 3411 195 3416 ’
250 3389 288 3462 in
307 3401 439 3461 ecastor
462 3399 495 3460 et
517 3390 552 3474 ia
579 3389 680 3460 caina
726 3387 875 3476 Quidem
895 3413 995 3475 vero,
1025 3401 1068 3462 ex
1112 3392 1148 3462 ui
1169 3393 1305 3466 erdem

252 3475 496 3561 compositum,
537 3494 640 3559 quum
672 3476 724 3544 vel
752 3479 946 3561 notionem,
987 3479 1039 3546 cui
1064 3417 1213 3560 additur,
1244 3501 1302 3557 xe*

250 3559 410 3647 stringat,
441 3557 492 3630 vel
506 3579 577 3632 rem
598 3560 771 3651 insigniter
790 3563 942 3644 denotet,
974 3581 1081 3662 eoque
1095 3573 1151 3630 aut
1165 3574 1302 3650 senteu-

250 3645 333 3708 tiam
349 3641 526 3711 confirmet
533 3692 543 3726 ,
564 3655 619 3712 aut
636 3649 703 3716 vim
721 3647 850 3717 adiiciat
866 3649 1009 3714 orationi
1025 3659 1089 3730 tta,
1113 3658 1150 3715 ut
1171 3649 1206 3718 iu
1225 3649 1311 3736 pla:

251 3727 346 3802 rimis
372 3728 558 3818 comparari
579 3732 685 3829 possit
707 3733 933 3820 germanicum
958 3732 1039 3804 ebera
1068 3734 1306 3882 (quemadmo-

255 3813 337 3886 dum
354 3813 578 3894 etiamtiam,
595 3815 739 3898 ebidem,
754 3815 917 3895 edendas,
941 3817 1071 3889 alenda

253 3897 295 3985 ab
327 3899 428 3971 altera
458 3907 551 3987 parte
585 3903 753 3970 maiorem·
781 3914 979 3991 potestatem
1012 3904 1306 3987 demonstrativam

251 3984 436 4070 accipiter
463 3985 578 4054 vocula
601 4009 620 4054 a
648 3987 804 4076 praefixe.
853 3988 902 4054 Ita
929 3989 1055 4060 exsistit
1077 3987 1238 4078 particula
1259 3989 1303 4054 ad

255 4070 453 4142 sententiam
484 4070 574 4136 vario
604 4075 708 4140 modo
742 4073 1006 4152 confirmandam
1029 4075 1159 4144 idonea.
1207 4075 1306 4146 Illam

176 4211 179 4215 .
253 4175 355 4240 reto,
386 4175 471 4250 quae
490 4154 660 4244 adhaeret,
687 4162 939 4238 monstrativum
964 4161 1030 4234 vim
1051 4161 1204 4257 antiquus
1226 4180 1307 4238 usus

1103 3819 1304 3904 armantur),
1407 3851 1408 3862 ¹
