2782 4730
263 408 327 476 est
657 338 676 359 ..
690 376 886 470 artatam.
907 377 912 397 “

333 559 543 701 ipepotanus
577 536 1050 628 aa.oun0rn.c‚1⁰,e'.1‚r,c.
1086 561 1145 622 cn.
1162 561 1197 620 aa
1211 563 1303 633 rar,

332 649 377 713 2,
408 675 433 702 ..

351 756 403 816 10.
425 749 634 835 Temporum
650 750 735 812 ratio
751 771 823 813 non
840 748 902 813 alie
925 759 976 812 eet
990 769 1090 836 quam
1108 752 1144 817 in
1159 753 1304 818 universo

268 857 386 924 genere
402 836 665 899 enuntiationum
683 835 973 916 conditionalium,
1002 836 1051 899 de·
1062 857 1126 922 qua
1152 838 1256 902 dicam
1273 841 1306 902 in

266 942 308 986 sr.
351 921 510 986 Futurum
533 941 603 983 non
625 930 754 985 tantum
778 922 814 985 in
842 930 981 1005 utraque
1011 933 1104 1008 parte
1131 933 1164 988 et
1187 924 1221 987 in
1245 945 1305 990 una

266 1007 423 1094 primaria
445 1007 555 1083 locum
577 1004 694 1086 habet,
717 1016 826 1094 potest
847 1005 947 1069 etam
971 1007 1006 1071 in
1027 1009 1217 1074 secundaria
1238 1032 1306 1075 sen-

265 1093 369 1158 tentia
392 1093 492 1180 poni,
519 1090 555 1153 in
571 1091 727 1178 primaria
744 1091 838 1178 sequi
853 1113 1018 1178 praesens.

371 1209 480 1264 cisat
495 1209 591 1275 1117,
607 1211 632 1263 i.
651 1229 701 1281 ego
717 1213 794 1264 torem
804 1213 874 1264 airas
891 1218 939 1264 ant
954 1207 1011 1278 eos,¹
1031 1213 1181 1282 patrumque
1194 1215 1306 1270 dicenter

334 1297 413 1360 loni,
428 1313 537 1364 sepnor,
558 1297 662 1350 etiamsi
675 1291 759 1348 ruent.
778 1297 812 1350 etl
827 1297 905 1350 Fam.
916 1293 975 1362 5,8,
991 1296 1034 1350 11.
1062 1292 1304 1367 damnarant.

334 1381 361 1447 5,
374 1382 417 1446 10,
431 1380 457 1433 Β.
476 1381 545 1450 qaod
559 1381 661 1433 etiamsi
673 1383 783 1450 propria
797 1381 1016 1451 interpretatione
1030 1383 1115 1436 dicere
1122 1385 1210 1454 fidem
1219 1401 1305 1454 poam-

333 1485 409 1530 πως,
427 1467 545 1536 apertius
561 1474 650 1519 tamen
664 1466 846 1534 probationem
861 1467 1104 1535 interpretabimur.

371 1567 475 1620 cicae
492 1569 535 1622 Re
550 1587 576 1637 p.
593 1569 619 1634 1,
636 1567 678 1633 19,
693 1566 736 1620 32.
755 1575 803 1621 nat
819 1569 886 1620 scire
900 1569 1014 1621 intorem
1027 1569 1112 1634 nihil,
1128 1576 1192 1643 aot,
1208 1569 1306 1622 etiarnsi

333 1654 446 1706 inarime
463 1654 587 1717 scientae,
607 1671 654 1706 nec
668 1652 828 1716 melioraret
839 1653 1042 1704 cumscientiam
1054 1671 1103 1706 nec
1117 1655 1244 1709 beatiores
1256 1669 1306 1706 esse

333 1753 476 1808 possamus.
522 1736 600 1802 Quae
616 1735 712 1787 eodem
722 1734 806 1786 morlo
823 1734 913 1800 dicta,
940 1754 993 1805 quo
1010 1737 1094 1790 scat.
1110 1731 1197 1802 zalla
1209 1735 1266 1789 121.
1283 1737 1305 1788 ei

265 1845 268 1851 ¹
334 1821 396 1876 aero
420 1821 522 1888 aliquid
544 1827 674 1884 oceorret,
701 1821 770 1888 qnod
786 1820 843 1873 aeri
860 1821 945 1874 simile
959 1811 1095 1886 videatur,
1121 1820 1306 1873 homoeusione

320 1907 477 1974 -completar
499 1905 604 1956 animae
628 1903 771 1972 voluptate.
820 1904 899 1972 Quae
922 1903 956 1956 ilc
977 1904 1022 1958 his
1046 1905 1171 1959 Moretur
1192 1903 1306 1972 scripsit,

333 1990 436 2062 rellem
450 2004 504 2040 non
521 1987 623 2061 scripta
638 2004 706 2041 ease.

333 2097 402 2158 13.
431 2091 471 2156 In
502 2088 674 2156 scribendo
698 2089 763 2154 hoc
787 2090 949 2178 vocabulo
974 2091 1180 2180 grammatici
1204 2089 1307 2156 nostri

267 2175 429 2265 temporis
447 2178 483 2240 in
506 2176 646 2239 diversas
668 2187 777 2262 partes
792 2177 984 2242 discedunt.
1027 2177 1092 2241 Alii
1116 2177 1204 2241 enim
1225 2199 1307 2240 con-

264 2262 455 2350 iungentia
471 2281 572 2325 unam
592 2283 706 2326 vocem
727 2262 880 2342 etiamsi,
903 2257 956 2328 elii
977 2285 1108 2351 semper
1125 2262 1308 2326 distrahunt

263 2351 374 2413 etiam
388 2348 430 2426 si,
444 2347 501 2412 alii
512 2347 653 2433 denique
669 2345 906 2433 significatione
917 2337 1094 2434 uti'nmque
1107 2348 1309 2432 distinguunt

265 2435 329 2513 ita,
353 2445 390 2496 ut
410 2434 521 2497 setiam
542 2433 574 2495 si
600 2433 641 2495 sit
664 2433 770 2496 etiam
795 2445 884 2508 tum,
911 2457 1026 2581 puram.
1070 2433 1153 2499 Vide
1174 2433 1307 2498 Walch.

247 2519 308 2583 x'ad
323 2519 428 2582 Tacit.
450 2523 525 2604 Agr.
537 2527 582 2616 p.
599 2520 673 2582 894.
705 2517 908 2583 Kritaiuma
957 2521 1089 2584 Sallust.
1108 2520 1179 2584 Cat.
1204 2541 1238 2606 p.
1259 2525 1308 2583 10.
1376 2567 1377 2606 ἦ

264 2606 366 2668 Cuius
382 2603 566 2668 subtilitatis
584 2605 691 2668 omnis
703 2603 876 2691 antiquitas
892 2609 1009 2692 expers
1026 2602 1099 2668 futt.
1132 2607 1204 2668 Vna
1220 2605 1309 2668 enim
1376 2613 1377 2688 J

264 2689 465 2770 formast,
501 2711 567 2752 una
590 2687 794 2774 significatio.
853 2689 965 2767 Quare
988 2691 1050 2754 nisi
1074 2691 1153 2754 aliae
1180 2712 1309 2754 caussae
1376 2731 1377 2742 .

263 2775 501 2855 interveniunt,
525 2797 658 2861 semper
672 2775 733 2838 erit
746 2773 957 2839 scribendum
973 2775 1157 2838 coniunctis
1172 2773 1308 2840 vocibus
1376 2773 1377 2798 ³

264 2860 411 2924 etiamsi.
446 2857 487 2923 Et
505 2863 647 2946 pertinet
662 2858 858 2948 etiamsiad
877 2883 928 2924 eas
945 2861 1205 2935 coniunctiones,
1225 2883 1310 2948 qua-

194 2961 196 2966 ’
262 2957 339 3009 atam
362 2947 639 3031 compositionem
672 2945 854 3008 Priscianus
882 2949 926 3010 ait
962 2955 1008 3010 ert¹
1038 2955 1174 3010 accentu
1199 2947 1309 3011 nosci.

152 3042 154 3049 ’
264 3030 364 3094 Guitts
377 3030 669 3116 argumentationis
687 3028 932 3094 haecfere'sunt
948 3031 1157 3096 documenta.
1192 3027 1308 3096 Primo

264 3137 379 3180 omnes
411 3117 613 3213 grammatici
640 3124 762 3181 veteres
786 3115 924 3180 etiamsi
944 3119 1029 3200 intc'r
1055 3117 1310 3182 coniunctiones

190 3277 191 3282 ἵ
257 3201 472 3285 singulariter
487 3201 643 3280 afferunt,
665 3215 834 3287 unamque
847 3199 986 3266 sormam
1004 3205 1194 3288 agnoscunt.
1237 3203 1311 3266 vid.

195 3302 197 3312 ⁴
260 3286 415 3350 Diomed.
443 3311 475 3375 p.
499 3289 576 3352 410.
621 3288 777 3351 Priscian.
803 3291 895 3352 1030.
941 3289 1030 3358 Max.
1061 3289 1186 3373 Victor.
1212 3285 1311 3353 1952.

259 3371 381 3436 Donat.
406 3377 437 3452 2,
462 3373 513 3436 14.
570 3372 697 3437 Deinde
717 3373 780 3436 nisi
804 3371 1076 3461 significationem
1102 3373 1141 3436 ad
1166 3373 1311 3437 aliarum

258 3455 446 3542 linguarum
460 3457 824 3536 usum-accommodes,
856 3459 985 3523 nullum
1008 3459 1154 3524 invenies
1179 3459 1312 3540 locum,

214 3563 218 3570 ’
257 3542 293 3606 ln
313 3561 379 3629 quo
400 3543 561 3606 eiusmodi
585 3541 749 3607 distinctio
768 3545 946 3608 necessaria
971 3555 1026 3606 aut
1046 3545 1166 3608 idonee
1189 3545 1313 3610 videa-

189 3669 191 3673 ·
257 3638 323 3691 tur.
364 3625 432 3691 Nec
446 3648 523 3691 raro
544 3628 650 3691 etiam
663 3629 800 3692 etiamsi
815 3641 846 3693 et
862 3629 1001 3694 etiamsi
1016 3629 1048 3693 ai
1063 3632 1097 3694 in
1114 3651 1179 3693 una
1196 3651 1313 3694 enun-

256 3713 393 3776 tiatione
415 3714 460 3777 ita
479 3711 829 3793 collocatavidernus,
867 3725 905 3778 ut
926 3715 955 3778 'si
982 3715 1142 3780 distractis
1165 3716 1314 3779 vocibus
1376 3731 1377 3740 ¹

257 3797 420 3885 duplicem
444 3799 476 3860 si
498 3798 726 3878 admittamus,
759 3799 923 3884 inelegans
950 3809 1046 3886 atque
1078 3801 1159 3864 arleo
1189 3802 1314 3887 inepta

255 3883 361 3946 oratio
387 3885 529 3949 exsistat.
574 3883 664 3946 Tum
689 3903 772 3947 vero'
789 3885 858 3948 non
882 3885 1005 3950 diversa
1028 3894 1076 3948 est
1101 3885 1185 3950 ratio
1205 3885 1313 3949 huius

255 3965 505 4054 compositionis
523 3969 557 4034 in
576 3969 781 4048 areis-ean
793 3969 929 4056 quodsi,
951 3971 1094 4048 etenim,
1117 3971 1312 4058 siqnidem,

254 4075 338 4138 quae
354 4075 421 4118 uno
438 4064 570 4120 accentu
586 4054 807 4119 continentur.
848 4057 998 4141 Denique
1012 4055 1096 4118 nihil
1114 4055 1167 4119 ltis
1185 4057 1313 4121 omni-

252 4137 318 4200 bus
337 4151 514 4226 repugnat,
545 4139 637 4224 quod
658 4140 692 4202 ai
712 4149 745 4202 et
774 4139 882 4204 etiam
907 4135 1074 4204 interdum
1088 4137 1314 4207 'nominibus

252 4223 445 4308 quibusdam
474 4223 890 4316 interiectio»separantem⁴
929 4235 984 4293 aut
1008 4225 1116 4294 etiam
1142 4227 1184 4294 ad
1211 4227 1315 4294 aliud
