2852 4736
237 315 310 444 *aar
711 319 825 428 niu.

314 525 379 594 dum
394 507 515 594 priapum
529 487 701 590 respondisse
717 516 878 587 germanion
893 517 986 586 dcun,
1005 493 1096 574 veluti
1112 517 1177 572 dem
1197 519 1247 572 tac
1262 521 1309 588 fit,

315 614 469 666 mansuem
491 605 614 658 futurum
631 608 739 672 tempus
758 608 833 656 esset
853 617 941 671 usque
962 604 998 661 ad
1017 601 1214 673 illudtcmpus
1235 604 1310 657 tutu.
1364 617 1367 630 =
1399 667 1400 670 Ἴ

312 709 395 763 gum,
413 689 462 746 uui
476 690 530 756 lace
546 687 671 750 residete
693 686 793 740 deinde
812 702 865 742 usu
879 689 985 742 fumum
1001 705 1088 753 esse,
1099 693 1131 740 ut
1144 689 1207 743 dum
1224 687 1310 742 etism

300 775 491 848 ⁸signiticaret
505 791 557 842 per
570 790 653 826 omno
663 773 718 825 hoe
733 777 858 839 tempus,
888 773 961 842 quod
977 789 1058 826 nune
1069 773 1214 842 cogitetur
1227 790 1310 842 prac-

316 879 391 924 ρους.
432 861 513 913 Haec
533 875 588 912 nee
608 857 751 918 commode
774 855 894 930 cogitari
916 861 1046 928 possunt,
1065 873 1132 918 ,neo
1160 862 1228 927 apte
1249 862 1311 911 sunt
1399 919 1400 924 ἵ

318 953 435 1004 namtas
450 943 614 1014 particulae.
665 981 666 984 =
816 933 817 938 ἵ
1143 973 1145 980 1

289 1061 293 1078 ²
336 1091 369 1156 2.
401 1081 467 1149 Sed
489 1083 524 1146 in
548 1103 586 1146 re
612 1059 788 1170 praeterita
818 1078 981 1156 camarda
1007 1089 1041 1146 et
1064 1077 1104 1146 de'
1126 1064 1164 1144 re
1184 1073 1310 1159 futura,
1399 1091 1400 1162 t

251 1171 310 1237 ubi
326 1191 397 1236 non
413 1177 503 1232 totus
518 1189 632 1234 rerum
650 1189 783 1249 cursus,
805 1167 865 1244 sed
882 1166 991 1254 aliqua
1007 1167 1169 1253 eiuspars
1182 1161 1301 1251 intelli<
1399 1173 1400 1218 ἒ

187 1293 192 1302 «
276 1258 360 1338 itur,
398 1253 437 1319 ab
467 1253 596 1340 optimo
623 1251 947 1341 quoquescriptore
977 1249 1117 1341 ponitur
1141 1270 1309 1339 praesens.

173 1387 174 1392 κ
253 1282 360 1426 ἕξυοά
379 1361 484 1426 quum
498 1337 668 1403 Ernestius
692 1361 762 1408 non
787 1339 946 1426 potuisset
971 1334 1019 1404 eir
1039 1333 1146 1424 edire,
1166 1343 1208 1398 et
1232 1353 1310 1398 eum

253 1437 295 1493 'eo
311 1424 457 1490 Wolfius
473 1422 513 1488 ad
531 1423 724 1508 posterioris
741 1425 810 1488 aevi
825 1447 922 1491 usum
937 1360 1120 1502 retulisset,
1138 1419 1310 1502 Heindor-

193 1525 195 1536 '
253 1511 316 1580 fius
332 1509 374 1576 ad
384 1507 502 1576 Horat.
520 1510 586 1574 Sat.
606 1518 635 1590 1,
651 1506 683 1590 5,
701 1512 754 1574 72.
776 1507 901 1598 etpost
918 1531 995 1594 eum
1013 1507 1122 1592 multi
1135 1505 1193 1586 alii
1207 1505 1310 1569 exsti·

254 1607 387 1677 terunt,
402 1591 459 1683 qul
475 1591 649 1677 docerent,
661 1593 745 1660 dum
760 1595 804 1660 ita
819 1591 884 1683 pro
901 1617 1002 1684 quum
1042 1594 1164 1678 ositum
1177 1613 1310 1678 semper

255 1677 404 1748 construi
421 1700 498 1746 eum
519 1681 704 1770 praesenti,
747 1680 847 1768 idque
866 1681 994 1752 restitui
1009 1617 1129 1745 debere
1145 1679 1181 1744 in
1198 1677 1312 1742 omni·-

253 1769 316 1834 bus
336 1763 420 1834 locis
438 1765 516 1830 huic
540 1765 670 1831 reculae
687 1768 870 1832 contrariis.
913 1766 1110 1838 Prudentius
1127 1786 1206 1832 vero
1223 1761 1310 1828 hanc

254 1851 327 1922 rem
351 1851 501 1919 tractavit
525 1817 733 1916 Heinrichius
753 1851 794 1916 ad
819 1849 888 1918 Cic.
916 1875 952 1951 p.
973 1853 1098 1934 Scauro
1124 1873 1159 1937 p.
1181 1853 1235 1914 76.
1266 1847 1308 1912 cf.

254 1939 402 2006 Walchii
417 1935 592 2014 Emendat.
607 1960 641 2028 p.
656 1939 728 2004 185.
744 1948 775 2002 et
792 1939 831 2002 ad
849 1939 880 2006 T
882 1949 955 2005 cert.
971 1938 1082 2023 Agris.
1098 1937 1175 2016 401,
1208 1936 1311 2000 Prae-

255 2047 331 2090 sens
355 2023 444 2090 enim
468 2033 524 2088 aut
549 2021 747 2088 historicum
774 2034 842 2104 est,
888 2034 944 2089 aut
974 2025 1154 2111 imaginem
1183 2021 1234 2086 rei
1264 2021 1309 2085 ita

256 2103 452 2191 adumbrat,
470 2119 530 2190 ut,
555 2130 638 2195 quae
661 2111 837 2174 coniuncta
859 2107 961 2176 fuisse
986 2108 1308 2195 menter-agitemus,

257 2207 334 2263 aute
350 2194 465 2260 oeulos
511 2207 654 2261 onantnr
669 2195 853 2265 consociata
870 2196 1062 2283 praesentia.
1091 2195 1210 2282 igitur
1225 2213 1308 2279 quae

256 2279 322 2346 hoc
345 2275 448 2346 modo
496 2278 647 2368 luuntur,
672 2283 852 2368 imaginem
878 2281 1035 2348 exhibent
1056 2282 1090 2347 in
1114 2304 1149 2346 se
1173 2281 1309 2345 conclu-

236 2428 238 2431 .
257 2391 345 2444 sam,
366 2376 462 2454 atque
483 2365 646 2432 eiusmodi
659 2368 839 2433 enuntiatio
853 2368 959 2433 instar
981 2379 1028 2432 est
1043 2367 1140 2440 unius
1156 2367 1309 2430 substan-

257 2455 334 2532 tivi,
366 2474 432 2539 quo
455 2462 521 2518 tem
550 2475 587 2516 us
610 2453 792 2517 indicetur:
822 2454 918 2518 sicuti
942 2453 1039 2540 apud*
1055 2452 1188 2518 'Livium
1210 2451 1311 2517 rerba

258 2537 341 2604 dum
356 2538 393 2603 in
410 2537 499 2603 Asia
522 2475 547 2602 d
555 2538 645 2602 llum
666 2539 807 2626 geritur
826 2540 1021 2626 exprimunt
1043 2550 1195 2626 tempore
1218 2535 1309 2602 belli.

257 2628 371 2712 Atque·
385 2623 427 2688 ob
447 2623 533 2706 hanc
559 2645 708 2690 caussam
730 2625 962 2703 recterdicitur
985 2623 1085 2690 adeoz
1122 2623 1206 2688 dum
1225 2623 1311 2688 duee

254 2713 443 2798 geruntur,
465 2708 524 2781 ille
535 2723 765 2796 pervenerat.-
787 2721 820 2776 et
835 2733 938 2798 quum
958 2712 1090 2776 Curtius
1105 2719 1220 2774 narrat
1238 2713 1310 2791 6‚7,

258 2793 554 2862 romanensibus
573 2795 727 2860 lacrimis
746 2795 950 2884 querebatur
970 2806 1019 2862 est
1043 2795 1130 2883 quod
1149 2795 1309 2862 dicimus:

259 2878 340 2945 dum
354 2889 491 2966 manunt
504 2879 668 2963 lacrimae.
710 2883 796 2948 Nam
817 2883 907 2968 quod
922 2882 977 2946 alii
999 2883 1234 2964 observarunt,
1259 2882 1311 2946 vi-

245 2963 333 3032 ·vida
359 2966 507 3032 oratione
534 2968 710 3054 praeterita
740 2967 916 3034 transferri
943 2969 978 3034 iia
1001 2968 1242 3055 praesentium,
1274 2967 1309 3032 id

258 3072 330 3117 non
353 3049 476 3116 sufficit
499 3052 539 3118 ad
565 3053 793 3142 explicandam
817 3064 925 3124 totam
945 3066 1162 3140 structuram,
1185 3055 1220 3118 in
1246 3076 1311 3140 qua

257 3132 455 3227 primarium
467 3140 603 3204 verbum
621 3139 692 3204 fere
701 3162 834 3227 semper
848 3141 1027 3226 praeterito
1039 3151 1192 3228 tempore
1210 3140 1311 3226 poni·
1399 3195 1400 3204 ,

257 3235 323 3288 tur.
351 3223 415 3288 Sed
431 3245 507 3288 cum
523 3248 560 3290 re
574 3225 752 3311 praeterita
765 3236 797 3290 et
814 3224 925 3291 futura
941 3226 1119 3302 cohaerere
1127 3226 1311 3291 declaretur
1399 3229 1400 3268 ἓ

258 3308 407 3374 conditio
430 3307 646 3408 temporalis,
678 3332 761 3398 quae
787 3312 822 3376 in
851 3311 917 3377 hoo
944 3311 1101 3399 proximo
1128 3333 1219 3376 nexu
1240 3332 1310 3375 non

257 3394 323 3459 nisi
344 3407 510 3482 praesenta
538 3395 716 3486 significari
740 3407 862 3484 potest.
913 3397 1034 3484 quue,
1057 3409 1095 3462 ut
1112 3395 1196 3462 bene
1212 3397 1309 3462 intel-

256 3478 340 3546 lexit
359 3478 584 3564 Heinrichius,
627 3487 680 3563 τῆς
703 3483 860 3566 ῥητορικῆς
883 3485 1035 3568 ἐναργείας
1057 3483 1109 3553 vel
1131 3485 1310 3564 φαντασίας,

257 3564 400 3651 ideoque
420 3567 601 3632 oratorium
617 3567 724 3633 videri·
736 3579 864 3657 potest:
898 3572 1101 3657 quamquam
1118 3569 1218 3637 etiem
1235 3569 1309 3636 vul-

282 3645 344 3734 au‘s
359 3647 549 3740 sermosshae
563 3648 787 3742 designatione
805 3651 995 3723 delectatur.
1039 3655 1078 3720 In
1092 3651 1310 3722 historiarum

257 3673 371 3815 fibris,
395 3759 478 3824 quos
505 3741 627 3806 veteres
649 3750 720 3805 arte
743 3756 949 3828 componere
971 3742 1142 3822 solebant,
1163 3741 1310 3839 plurima

257 3843 293 3886 se
311 3820 409 3886 offert
424 3818 730 3912 repraesentationis
751 3825 846 3890 istius
869 3827 1008 3895 occasio.
1053 3827 1188 3893 Graecrs
1213 3849 1311 3892 oom-

254 3905 392 3972 ‘modior
415 3930 493 3974 usus
549 3911 858 3998 articipiorumsup
880 3911 1002 3986 ‚etebot
1046 3912 1113 3978 Sed
1133 3922 1253 4000 poetae
1276 3921 1311 3976 et

254 3987 405 4076 ¹historici
426 3997 504 4083 post
523 3933 657 4080 litium
679 3987 761 4061 adeo
785 3995 821 4062 in
841 3935 976 4084 alliquo
996 3999 1155 4082 oratione
1178 3993 1309 4062 indica-

256 4079 363 4145 tivum
379 4081 559 4168 praesentis
574 4080 765 4164 servabant,
787 4105 857 4148 non
873 4083 954 4150 item
963 4081 1079 4152 Cicero
1097 4089 1130 4150 et
1144 4082 1309 4170 aequales,

257 4173 340 4252 quos
355 4163 566 4236 coniunctim
575 4189 652 4239 usur
665 4189 736 4238 esse
749 4167 901 4262 exempla
916 4176 1033 4260 p.312.
1042 4171 1138 4243 ellata
1149 4169 1287 4260 docent.
