2782 4730
582 394 654 460 EX.
844 431 847 436 ·
1065 401 1129 464 637

162 566 208 613 rat
222 576 237 612 e
251 541 338 610 datm
353 560 431 623 atque
449 569 483 604 eu
504 553 552 605 troo
570 550 667 606 misero
682 546 794 600 sollicita
811 555 866 612 ert,
899 549 967 602 diem
987 552 1049 619 puio
1068 555 1129 606 otim

163 645 192 698 ia
206 646 273 696 tunc
294 647 355 693 sant
376 637 531 690 constitutae
552 634 670 700 nuptiae.
702 630 1128 702 ourt.t‚1,⁴1t.ticaaum‚

165 729 255 780 timere
269 743 302 778 ex
317 725 408 791 aliqua
426 738 462 772 re.
478 718 557 782 vide,
573 734 642 786 quse
657 716 771 770 contulit
784 715 940 784 Lipsiusad
955 718 1043 772 Tacit.
1059 721 1127 774 Ann.

162 812 188 876 1,
202 811 244 863 29.
279 807 368 860 Tncit.
383 806 451 858 Ann.
464 805 506 868 11,
522 801 564 855 29.
587 809 668 855 metus
683 819 715 853 ex
730 802 903 870 imperatore,
927 803 1081 871 contemptio
1096 821 1129 856 ex

163 895 292 948 tortoris.
317 891 343 953 1,
365 887 408 940 29.
424 888 450 952 2,
463 885 505 938 38.
529 884 600 938 nist.
615 885 642 951 2,
658 884 702 938 ot.
734 887 801 955 Agr.
815 884 858 938 16.
883 903 916 938 ex
932 887 1022 954 legato
1044 887 1129 941 timor.

160 979 228 1032 Ann.
237 978 262 1042 1,
271 975 313 1029 89.
330 977 358 1025 in
373 973 467 1024 endem
482 971 615 1023 sententia
625 969 859 1024 simuledhibetur
879 991 904 1024 a.
934 972 975 1023 ct.
991 970 1128 1026 Schwere.

162 1062 197 1116 nd
208 1061 279 1114 Plin.
295 1061 362 1111 Pan.
380 1055 423 1109 93.
458 1056 568 1108 Sallust.
587 1055 646 1124 lug.
661 1053 704 1119 32,
720 1052 745 1108 5.
772 1057 796 1107 ei
809 1056 900 1107 timido
916 1062 941 1107 et
956 1072 988 1106 ex
1002 1057 1132 1108 conscien-

135 1191 137 1194 .
159 1149 202 1201 tio
222 1143 358 1212 diffidenti
380 1144 456 1195 retus
477 1141 531 1192 suis
551 1141 700 1209 persuadet.
733 1138 793 1191 Vid.
810 1141 883 1192 Cort.
898 1139 933 1192 ed
945 1140 974 1193 lr.
992 1141 1011 1192 l.
1032 1146 1069 1193 et
1096 1141 1131 1194 ed

163 1231 223 1284 (ist.
238 1227 282 1292 35,
295 1227 320 1279 2.

196 1331 267 1384 Plio.
282 1327 368 1396 Epist.
382 1325 407 1392 9,
423 1325 466 1392 22,
482 1324 507 1379 3.
527 1323 598 1395 xpune
615 1324 752 1395 (litterae)
777 1343 810 1378 ex
824 1327 938 1395 periculo
953 1331 1009 1383 eius
1026 1337 1132 1384 tanturn

161 1415 300 1466 discrimen
322 1414 459 1477 adierunt,
496 1418 622 1480 priamum
643 1429 676 1462 ex
697 1413 781 1464 saluto
803 1413 912 1480 gioriae·
935 1421 1131 1482 consequuntur.

163 1501 253 1554 Pleut.
268 1500 351 1552 Poen.
367 1494 474 1562 5,5,49.
502 1513 629 1564 quumque
643 1512 657 1546 e
671 1495 767 1548 uirtute
782 1498 854 1549 uotis
863 1500 979 1563 fortuna
994 1499 1097 1568 obtigit.

197 1602 308 1654 Sallust.
325 1600 386 1667 Ing.
401 1597 443 1662 39,
457 1597 482 1650 2.
499 1599 546 1660 ,οὐ
565 1614 597 1649 eo
618 1598 707 1651 consol
730 1599 842 1650 Albinus
863 1617 896 1653 ex
919 1587 1012 1652 delicto
1032 1602 1132 1665 fratris

160 1673 290 1740 inuidian‘r
305 1702 336 1736 ao
349 1684 442 1734 deinde
454 1682 597 1750 periculum
619 1685 725 1746 timens,
751 1692 869 1736 serratum
892 1685 924 1736 de
939 1683 1056 1758 foedere
1071 1702 1132 1736 con-

159 1772 269 1825 calebat.
292 1768 349 1821 cto.
366 1786 391 1835 p.
407 1765 690 1832 Rosc.com.·1t‚46.
708 1786 761 1820 non
777 1770 844 1822 enim
859 1786 892 1822 ex
907 1769 1029 1837 pectione
1041 1771 1132 1823 cerbo-

160 1872 237 1920 rum,
265 1855 356 1923 quitos
377 1852 560 1904 iusiurandum
582 1853 820 1919 comprehenditur,
849 1855 894 1906 sed
915 1871 948 1906 ex
969 1854 1086 1920 perfidia
1107 1859 1133 1906 et

153 1939 274 2001 matitia,
287 1937 337 2004 per
353 1951 430 2004 quom
445 1937 557 1988 insidiae
569 1935 713 1986 tendantur
727 1937 814 2001 alieni,
829 1939 868 1989 dii
881 1937 1040 1988 immortates
1050 1936 1132 1988 torni-

159 2024 235 2074 nitus
249 2020 328 2073 irasci
353 2026 378 2070 et
398 2034 543 2068 succensere
560 2026 722 2071 conruerunt.
753 2020 800 2071 Sic
820 2038 853 2072 ex
868 2021 969 2071 iniuria
986 2019 1131 2084 insaniunt,

161 2105 209 2172 qni
222 2103 351 2155 iniurium
368 2105 539 2167 aeceperunt.
565 2099 676 2152 Terent.
691 2102 774 2166 112,
787 2103 812 2168 1,
821 2102 862 2156 42.
887 2105 929 2156 De
943 2105 1004 2158 loco
1018 2104 1093 2158 Livii
1104 2104 1131 2170 ’4,

160 2187 258 2253 9919.
276 2185 331 2237 vid.
347 2185 510 2254 interpretes
525 2188 553 2235 et
566 2200 614 2236 nos
627 2182 709 2237 inira.

195 2288 266 2342 Ptin.
281 2288 347 2340 Pan.
369 2283 412 2350 99,
434 2286 460 2338 2.
488 2287 571 2338 malos
590 2286 723 2355 principes
740 2289 835 2341 rectius
847 2291 1031 2361 pulchriusque
1046 2300 1084 2347 est
1098 2309 1132 2346 eu

161 2373 339 2426 communitus
353 2371 457 2424 iniuriis
473 2371 556 2422 odisse
571 2387 650 2439 quom
662 2372 787 2439 propriis.

195 2476 306 2530 Sallust.
321 2475 382 2543 lug.
398 2443 447 2538 48,
462 2474 488 2525 2.
514 2475 543 2524 in
559 2490 630 2542 spem
646 2474 770 2525 uictoriae
785 2475 913 2529 adductus
930 2496 964 2531 ex
979 2480 1131 2547 opportuni-

159 2566 215 2613 tate
229 2561 286 2612 toci.
320 2558 363 2623 59,
373 2559 397 2610 1.
414 2559 513 2610 ueritus
524 2575 556 2610 ex
573 2559 639 2612 anni
654 2565 768 2628 tempore
781 2566 807 2613 et
821 2561 911 2628 inopia
925 2561 1026 2631 aquae,
1041 2579 1075 2616 ne
1088 2563 1133 2617 titi

161 2647 330 2712 conficeretur
346 2645 480 2695 exercitus.

195 2747 282 2800 Notso
296 2750 357 2797 eant
373 2741 508 2796 termulae
524 2761 557 2797 ex
575 2761 608 2796 ea
623 2761 732 2810 caussa,
750 2761 783 2796 erc
803 2743 893 2796 eodem
906 2762 1006 2800 caussa.
1035 2747 1130 2807 Senos.

161 2830 402 2899 Nar.qu.1‚1.ex
418 2847 449 2881 en
463 2847 499 2881 re.
536 2828 790 2902 Τοιοη1.11οο.3,1,
799 2829 840 2881 19.
856 2847 907 2896 qua
923 2847 955 2882 ex
969 2850 1005 2884 re.
1024 2833 1132 2884 Comei.
1205 2842 1210 2862 ¹

159 2915 257 2978 losse,
269 2915 293 2967 1.
320 2913 409 2967 Tacit.
424 2914 493 2966 Ann.
509 2909 607 2978 16,15.
627 2930 720 2966 oausso
731 2915 882 2980 festinandi
897 2931 930 2967 ex
945 2933 973 2967 eo
988 2917 1130 2980 oriebatur,

160 2999 229 3067 quod
241 3005 293 3051 etc.
306 2999 366 3064 1‚e.
384 3016 477 3052 caussa
490 2999 635 3066 praecipua
649 3015 682 3049 ex
691 2999 846 3063 formidine,
866 3015 899 3051 ne
918 3001 1131 3052 Germanicus—

79 3143 81 3148 ·
162 3083 259 3135 tatere
273 3083 409 3150 imperium
431 3098 510 3151 quam
531 3087 681 3150 exspectare
701 3081 798 3134 mallet.
825 3081 858 3132 de
874 3098 927 3151 que
942 3083 1062 3137 dictione
1077 3085 1131 3137 vic.

161 3166 305 3233 Wopkens.
317 3166 345 3218 in
361 3166 437 3219 Actis
452 3163 573 3219 Treieot.
601 3166 634 3216 T.
650 3163 676 3217 4.
693 3181 720 3232 p.
734 3163 793 3217 36⁰.

121 3255 126 3260 ’
192 3266 312 3320 Nimium
335 3266 441 3320 subtilis
457 3271 485 3318 et
502 3265 573 3319 isles
597 3271 638 3319 ert
658 3265 863 3334 interpretatio,
890 3284 943 3335 qun
957 3269 1087 3340 leianus
1102 3270 1131 3324 in

159 3351 223 3422 mg.
241 3350 365 3417 41,9,1.
387 3351 473 3404 verbe
494 3351 577 3402 edicti
594 3351 742 3419 praetoris,
763 3353 808 3419 qui
828 3369 862 3404 ex
882 3353 1017 3418 incendio,
1042 3356 1131 3421 ruina,

158 3438 307 3507 naufragio
321 3465 356 3474 -
379 3435 442 3506 quid
457 3435 574 3503 rapuisse
587 3436 702 3502 dicetur,
722 3453 775 3489 non
789 3437 943 3506 significare
957 3444 1035 3506 putat
1052 3457 1085 3493 ex
1102 3457 1131 3492 co

160 3520 230 3585 loco,
243 3526 297 3590 'quo
312 3521 460 3572 incendium
471 3521 524 3584 fit,
544 3518 591 3570 red
602 3527 713 3588 propter
720 3523 858 3575 tumultum
872 3521 987 3576 incendii
999 3525 1041 3577 uel
1050 3524 1132 3594 trepi-

163 3603 304 3658 dationem.
339 3603 436 3672 Aceipi
452 3609 559 3670 poterat
573 3619 623 3672 pro
639 3605 668 3656 in
680 3606 807 3660 incendio.

173 3701 225 3768 41.
259 3706 443 3794 Scriptores
471 3704 602 3789 quidem
631 3705 700 3792 ipsa
725 3707 923 3773 substantivo
954 3729 1016 3794 per
1045 3707 1130 3772 hano

90 3790 372 3873 praepositionem
402 3793 664 3874 coniunxerunt,
704 3791 756 3855 ut¹
772 3795 821 3858 rei
855 3793 1016 3878 originem
1041 3793 1131 3858 indi·

92 3880 214 3935 carent.
861 3893 863 3904 ·

196 3972 288 4026 Gelono
297 3972 320 4037 1,
328 3972 353 4025 5.
370 3975 482 4028 sortitum
493 3993 526 4030 ex
541 3977 678 4047 repentino
692 3974 782 4026 nubilo
792 3973 896 4044 frigus.
911 3975 937 4041 4,
945 3975 969 4030 9.
984 3993 1017 4029 ex
1030 3995 1131 4032 nausea
1232 4035 1235 4040 ,

159 4057 278 4108 comites.
322 4057 382 4109 Liv.
398 4059 423 4122 2,
439 4059 482 4125 51,
498 4057 535 4113 6ss
551 4079 584 4115 ox
604 4064 655 4114 irae
675 4060 750 4111 ctadc
771 4071 849 4111 atron·
866 4062 909 4113 ira
922 4061 1030 4112 maioris
1045 4062 1129 4113 stadis

158 4155 251 4192 caussa
266 4145 344 4207 atque
358 4142 463 4195 initium
474 4145 541 4209 soit.
568 4145 586 4198 i.
603 4162 627 4198 e.
652 4143 696 4196 ira
711 4143 810 4194 exhac
826 4143 904 4194 clsde
917 4148 984 4196 orte.
1013 4145 1087 4199 Flor.
1103 4143 1129 4209 4,
1229 4143 1233 4149 “

157 4221 200 4292 19,
216 4222 242 4278 8.
260 4241 313 4278 non
327 4226 413 4280 minor
426 4243 458 4280 ex
473 4245 544 4299 apua
555 4237 645 4300 posteo
661 4227 920 4298 praestationibus
934 4227 1030 4282 clodos.
1057 4237 1061 4248 '
