2782 4730
617 415 871 487 nruruuvu.

187 582 190 588 '
292 577 373 634 editis
387 594 487 643 annue,
505 574 596 630 ludite.
630 575 780 645 Pompeius
793 543 829 629 ed
844 571 947 628 Domit.
964 571 994 625 iu
1011 549 1100 643 Epist.
1115 553 1222 628 aruit
1240 571 1288 642 18,

201 686 204 694 ·
294 665 339 718 12.
356 682 385 718 n.
402 678 485 734 quare
500 663 537 716 da
548 679 672 732 operam,
690 663 782 715 dalla
793 661 899 715 ratione
915 660 1067 742 etiamnune
1079 663 1188 730 efficere
1200 669 1287 734 putee,

293 757 326 804 ut
339 759 366 804 te
381 751 499 820 ruptices.
519 809 522 816 ¹

329 854 391 908 tur.
406 853 433 921 8,
451 851 494 917 44,
504 844 536 906 ,2.
553 868 607 908 nan
624 849 777 922 Virginlam
791 833 900 917 defendi
917 850 951 902 ab
969 850 1062 918 lertio,
1079 851 1127 930 aed
1139 851 1290 920 'inquietum

295 937 426 992 bimlnem
452 945 480 992 et
504 938 670 991 trilunatum
693 936 843 988 etiamnunc
866 936 1012 1005 spirantem
1037 938 1123 1000 laeum
1148 929 1289 1002 reditionis

293 1041 428 1094 quaerere.
464 1022 576 1076 Sueton.
592 1019 657 1075 otu.
680 1020 707 1075 9.
732 1020 848 1092 (copiis)
868 1021 981 1075 residuis
1003 1022 1167 1091 integrisque
1189 1025 1287 1077 etiarn,

294 1125 373 1162 nune.
408 1108 477 1162 snt
487 1107 577 1160 Theb.
586 1106 611 1172 8,
619 1105 679 1162 565.
695 1108 798 1177 triplici
807 1107 944 1160 velaverat
954 1113 1024 1159 aetra
1039 1115 1178 1182 surgentes
1189 1110 1286 1163 etium*

293 1213 358 1251 num
374 1191 494 1247 barneres
516 1201 541 1246 et
565 1187 634 1246 leuia
656 1200 743 1246 mater
763 1198 880 1261 pectora.
915 1189 941 1260 9,
957 1189 1017 1244 687.
1035 1193 1112 1245 illam
1132 1194 1197 1246 diva
1205 1198 1287 1263 seror

294 1283 440 1340 etiamnum
456 1279 591 1348 inlllmine
608 1296 683 1332 ruera
699 1277 844 1347 erpoeitam
859 1303 895 1314 -
910 1276 1016 1345 linquit.
1051 1277 1160 1352 Apulei.
1175 1279 1243 1332 Met
1257 1279 1284 1337 4.

293 1386 321 1441 p.
348 1365 408 1430 144,
435 1362 479 1422 bb.
510 1363 663 1442 lqveallem'
679 1364 831 1438 proximam
853 1361 1014 1422 etiamnunc,
1031 1362 1179 1434 spirantem
1202 1383 1285 1440 prae-
1379 1435 1380 1438 Ἴ

293 1451 418 1520 elpltant.
757 1467 759 1476 ·

238 1571 242 1580 “
310 1535 349 1624 3.
369 1553 494 1618 Contra
511 1552 544 1616 in
563 1551 632 1616 aliis
651 1550 812 1638 temporis
830 1547 1010 1640 praesentis
1036 1549 1219 1638 designatio
1237 1543 1287 1620 est

58 1642 60 1647 ’
145 1699 160 1726 ,.
225 1639 381 1730 insignis,
421 1649 461 1703 ut
492 1637 669 1723 significari
701 1636 850 1701 videatur
879 1659 980 1700 nune.
1024 1635 1139 1701 Nihilo
1172 1649 1286 1708 tamen

160 1743 163 1748 '
226 1727 330 1796 secius
346 1725 568 1812 seripserunt,
592 1725 619 1788 si
635 1722 777 1804 libebat,
803 1712 1003 1787 etiamnum.
1027 1771 1029 1775 -
1047 1725 1154 1809 Atque
1171 1725 1207 1789 iu
1222 1747 1286 1791 ne.

226 1813 334 1900 gativa
352 1811 510 1876 sententia
525 1810 687 1896 temporis
703 1808 864 1875 terminus
883 1807 1066 1873 distinctius
1084 1809 1151 1872 desi
1177 1823 1286 1898 natur,

124 1898 127 1904 ’
194 1924 199 1934 .
225 1907 348 1972 utnon
364 1897 561 1992 etiamnunc
577 1897 620 1960 sit
635 1893 806 1977 nondum,
831 1893 881 1958 bia
895 1891 978 1974 jetzt
989 1895 1076 1960 noct
1092 1835 1216 1962 rticdt..

330 2017 422 2074 Pnut.
439 2017 527 2072 Stich.
542 2014 569 2082 5,
580 2014 657 2082 4,16,
675 2017 751 2071 uide:
768 2024 859 2069 utram
873 2017 924 2070 tibi
938 2017 1002 2069 litet
1017 2017 1168 2069 etiamnunc
1184 2036 1287 2087 capere,

295 2104 558 2173 eapeprauinciam.
588 2100 674 2157 ¹Asin.
691 2100 717 2165 2,
739 2099 765 2166 4,
783 2095 830 2154 tn.
858 2103 1010 2160 etiamnunc
1024 2103 1099 2155 diae:
1124 2102 1289 2171 Periphanet

296 2187 626 2264 annumerarentur
646 2189 755 2246 absente*
772 2187 836 2238 lrern
852 2187 923 2238 entur
939 2186 1010 2240 mitri
1027 2189 1156 2244 talentum
1171 2189 1290 2260 ‘argenti

224 2267 226 2272 ’
298 2273 350 2337 rati
374 2272 569 2330 annumeravit.
604 2271 751 2325 varrone
775 2269 839 2323 Vita
861 2287 888 2339 p.
902 2287 926 2322 r.
958 2269 1030 2338 apud
1052 2271 1171 2324 Nonium
1195 2273 1286 2340 1,35.

299 2359 370 2428 quad
381 2360 482 2424 fronde
496 2356 601 2412 lectitat
616 2358 769 2420 struebant,
788 2372 819 2407 en
835 2372 867 2410 ea
882 2355 965 2410 terta
981 2363 1070 2422 tortu,
1089 2365 1178 2411 tarum
1196 2363 1290 2429 appel.

296 2443 398 2507 latum‚
417 2445 481 2507 hoe,
498 2443 567 2511 quad
582 2443 716 2505 inlicitur,
736 2441 881 2512 etiamnum
889 2442 961 2493 toral
970 2441 1075 2493 dieitur.
1107 2443 1205 2513 Pomp.
1213 2445 1289 2500 Mela

295 2526 356 2593 Ἇ,3.
379 2527 520 2580 indotata
536 2535 615 2596 atque
631 2528 708 2579 Elide
721 2525 941 2594 quendam‘Pleae
950 2525 1094 2591 Oenomai,
1114 2527 1175 2579 Elia
1192 2529 1287 2582 etiam-

297 2631 384 2676 nunc,
408 2613 594 2679 delubrumque
610 2613 719 2681 olympii
731 2611 809 2663 Iunia.

248 2751 254 2757 -
272 2759 273 2763 ,
334 2714 425 2771 Plaut.
436 2715 521 2768 Poeu.
535 2714 610 2768 Prot.
625 2713 668 2768 99.
686 2730 769 2783 neque
784 2714 928 2782 quidquam
942 2731 1000 2767 eum
1016 2728 1049 2776 en
1059 2715 1128 2782 feeit
1144 2717 1289 2772 etiamnum

299 2801 395 2869 etupri,
430 2799 488 2875 Cia.
502 2811 529 2869 p.
544 2799 616 2853 Mur.
624 2799 667 2864 12,
675 2797 718 2851 27.
737 2799 794 2850 iam
807 2800 876 2851 illud
887 2799 957 2858 'milri
971 2801 1075 2874 quidem
1091 2803 1190 2854 mirum
1202 2803 1289 2854 videri

297 2886 377 2950 solet,
404 2891 443 2937 tet
459 2885 683 2950 buminee,=·tam
700 2883 867 2954 ingeniosos,
896 2902 947 2953 per
969 2891 1009 2937 tet
1031 2903 1116 2938 annue
1138 2887 1288 2938 etiamnum

297 2976 415 3038 etntpere
430 2987 483 3022 nen
494 2971 624 3040 petuisse,
642 2975 731 3023 utrum
745 2969 815 3022 diem
829 2955 937 3025 tertium
950 2985 987 3024 an
998 2972 1174 3042 perendinum
1184 3001 1218 3012 -
1236 2972 1289 3026 diei

227 3065 228 3070 ’
299 3056 440 3139 opprterel.

316 3157 348 3222 4.
374 3156 460 3221 Hine
486 3157 648 3222 exsistunt
668 3157 898 3244 loquutiones,
930 3157 1108 3246 inquibus
1134 3181 1291 3248 praeseus

230 3253 385 3331 tempus,
409 3244 444 3309 in
463 3250 530 3330 qut
546 3266 598 3308 res
617 3256 837 3332 permaneat,
853 3245 923 3309 aliis
945 3246 1155 3332 temporibus
1179 3267 1289 3332 oppo-

231 3341 340 3401 natur.
369 3329 443 3393 Nee
457 3330 616 3394 Germani
626 3330 767 3394 dicimus
783 3331 873 3396 auelu
883 3328 967 3412 jetzt
981 3333 1085 3412 ruach,
1106 3331 1162 3396 sed
1180 3330 1289 3397 Latini

139 3473 142 3492 ,
231 3437 303 3489 non
320 3425 496 3502 tantopere
511 3415 691 3502 gravabant
708 3417 868 3506 temporis
884 3415 1096 3482 vocabulum.

337 3536 450 3588 Terent.
474 3536 575 3588 Heaut.
599 3535 625 3602 1,
643 3535 730 3601 213.
757 3545 844 3607 atque·
858 3537 1010 3590 etiamnum
1032 3545 1135 3606 ternpus
1156 3544 1203 3590 eet.
1232 3536 1291 3591 be.

297 3621 356 3675 und
369 3621 445 3673 enat
461 3621 530 3676 aucit
541 3621 613 3686 jetrt
634 3623 702 3674 noete
719 3620 786 3676 tete.
823 3613 881 3674 cte.
896 3621 974 3674 Verr.
991 3621 1017 3686 5,
1031 3620 1058 3687 5,
1074 3621 1117 3674 11.
1139 3624 1292 3675 etiamnum

300 3706 369 3765 milri
383 3712 533 3773 exspectare
547 3705 689 3770 uidemini,
717 3703 832 3771 iudices,
859 3705 922 3775 quid
938 3706 1033 3760 deinde
1042 3708 1151 3771 suetum
1165 3707 1208 3760 sit.
1227 3707 1247 3760 i.
1264 3724 1290 3760 e.

256 3790 259 3800 '
300 3806 356 3850 nou
375 3788 445 3842 illud
464 3788 566 3857 putatis
590 3795 742 3848 extremum
760 3789 846 3844 fuisse
867 3789 990 3858 facinus,
1016 3789 1064 3844 red
1080 3784 1145 3845 ntia
1166 3807 1228 3846 esse
1248 3806 1292 3846 se-

286 3882 394 3944 quuta.
419 3873 517 3928 Senec.
531 3875 660 3929 controv.
677 3873 703 3940 4,
720 3873 763 3930 26.
778 3867 930 3930 etiamnum
941 3875 1043 3945 pariari
1057 3876 1126 3928 aeta.

202 4019 206 4034 ¹
316 3995 359 4062 ΙΙ.
390 4003 420 4061 1.
449 3995 520 4061 lam
542 3999 779 4062 sententiarum
804 3997 932 4063 formas
957 3996 1140 4081 enarrabo,
1171 3998 1291 4086 quibus

128 4135 130 4145 ,
233 4079 315 4148 haee
342 4083 502 4169 particula
537 4085 645 4171 aptari
667 4083 763 4148 solet.
814 4087 921 4170 Atque
937 4085 1143 4149 *etiamnunc
1171 4083 1295 4172 impri-

132 4245 138 4254 ἱ
234 4168 298 4232 mis
313 4167 432 4232 dicitur
449 4167 489 4232 de
505 4192 559 4252 re,
579 4191 678 4255 quam
693 4168 823 4235 finitam
838 4179 894 4235 aut
909 4179 1073 4234 mutatam
1089 4191 1157 4234 esse
1173 4169 1293 4256 aliquis

235 4254 394 4344 suspicari
408 4255 532 4348 possit,
554 4265 611 4326 aut
626 4257 717 4324 cuius
733 4257 992 4353 perpetuitatem
1007 4277 1047 4322 eo
1065 4256 1295 4351 eognovimus,
