2852 4736
210 409 277 474 842
535 399 751 469 Euas'rou.
780 395 934 464 EGERE.

215 581 254 628 ea
269 569 301 626 et
315 553 507 648 praeligitur
520 555 557 620 in
574 551 771 640 quibusdam
787 549 969 634 vocabulis,
986 549 1283 639 quemadmodum

214 647 316 712 eliam
337 642 397 724 ἤδη
418 639 650 728 componitur,
672 649 704 706 et
717 641 753 706 in
777 638 855 704 alias
878 637 996 702 transit
1020 635 1160 703 formas.
1203 639 1273 706 Ad-

214 732 300 798 iectu
316 729 406 792 enim
422 727 531 792 littera
552 747 595 806 n,
621 723 661 791 fit
684 748 745 807 en,
768 725 864 789 sicuti
888 743 930 788 ex
954 733 1048 788 tame
1070 721 1197 788 lactum
1221 735 1274 792 est

216 827 359 884 tamem·
386 811 459 876 Hoc
473 826 516 878 eu
530 828 608 880 cum
624 832 662 876 oe
677 809 939 877 demonstrativo
957 810 1183 892 coniunctum,
1206 807 1272 874 du-

192 949 202 957 ,
214 901 337 1002 plicata
352 897 461 964 littera
480 905 579 963 sonat
601 919 686 962 ecce.
725 895 799 964 'Sed
845 893 1015 987 raefigitur
1039 891 1120 960 haec
1143 894 1272 983 syllaba

215 1009 253 1054 m
275 983 397 1084 triplici
420 982 600 1048 nominum
622 1003 752 1071 genere.
834 1003 888 1045 am
910 980 949 1046 in
969 979 1081 1067 primo
1104 979 1273 1067 significa-

217 1083 292 1137 tum
321 1068 464 1136 intendit
498 1068 642 1156 quadam
671 1067 934 1148 monstratione,
976 1066 1079 1132 veluti
1103 1067 1139 1132 in
1169 1067 1273 1150 euim,

217 1155 309 1246 quod
324 1163 373 1220 est
395 1172 414 1218 e
429 1174 532 1237 nam,
560 1163 594 1218 et
615 1154 652 1219 in
664 1152 844 1246 equidem.-
878 1172 987 1239 neque
1001 1151 1096 1217 aliter
1111 1153 1147 1218 in
1163 1153 1274 1220 iuter-

216 1239 413 1310 iectionibus
429 1233 529 1321 elaea,
552 1240 659 1305 ebera.
701 1239 742 1305 ln
756 1238 860 1304 altero
884 1247 995 1303 autem
1011 1257 1149 1323 genere,
1170 1244 1272 1305 v'oca-
1299 1307 1301 1313 Α

217 1330 288 1394 tiro
310 1349 331 1391 a
356 1327 479 1412 posita,
512 1326 671 1413 exprimit
715 1323 966 1392 rovooationem
980 1323 1017 1388 in
1034 1323 1272 1390 obtestatione:

215 1413 307 1480 unde
328 1348 413 1475 Eunt
434 1421 585 1494 ecastor,
614 1432 709 1498 epo,
738 1409 907 1500 equirine,
930 1408 1048 1488 eiuno,
1070 1431 1181 1491 acere,
1203 1410 1272 1480 edi.

216 1497 324 1564 Tertii
339 1505 417 1562 sunt
432 1496 580 1584 generis,
606 1496 642 1560 in
665 1517 732 1582 quo
755 1519 793 1578 e,
818 1504 858 1560 ut
880 1515 1035 1582 graecum
1056 1489 1095 1576 sl,
1122 1495 1273 1562 interro-

160 1585 161 1588 ’
237 1583 344 1650 ulioni
359 1581 504 1662 inservit,
520 1581 641 1669 ecquis,
657 1579 844 1670 ecquando,
863 1580 893 1646 i.'
903 1602 931 1645 e.
948 1580 1272 1668 e·quie,’e·quando.

217 1608 365 1738 letitia
388 1689 406 1734 e
430 1663 717 1734 affirmationiset
740 1665 986 1749 obtestationis,
1018 1665 1071 1730 cui
1089 1668 1273 1756 respondet

219 1777 263 1821 ex
276 1761 371 1843 parte
385 1772 541 1838 graecum
559 1747 618 1836 νή,
639 1754 793 1828 assumsit
811 1774 848 1817 m
866 1751 1032 1835 liberam,
1052 1761 1090 1816 ut
1106 1763 1191 1817 esset
1205 1776 1272 1838 me,

219 1859 369 1928 quocum
384 1857 575 1925 comparare
587 1859 764 1926 possumus
781 1859 936 1928 graecum
952 1831 1003 1920 pri.
1037 1835 1088 1902 Ila
1104 1836 1274 1908 dicebatur

219 1924 279 2008 edi
301 1933 334 1990 et
355 1921 467 2004 meai,
496 1921 585 2010 quod
608 1945 648 1992 ex
670 1923 821 1994 Titinnib
845 1921 941 1989 affert
958 1921 1126 1990 Charisius
1143 1947 1179 2012 p.
1198 1931 1273 2010 183,

220 2020 255 2078 et
270 2019 457 2085 mecastor,
480 2009 683 2088 mehercule,
713 2009 846 2075 mediae
859 2005 992 2097 fidius,
1024 2009 1093 2089 vel,
1122 2021 1160 2075 ut
1183 2014 1274 2100 apud

220 2095 411 2164 charisium
427 2093 658 2177 scribendum,
671 2091 874 2182 mediflelie.
916 2095 984 2162 Neo
999 2092 1090 2159 deest
1103 2096 1272 2186 analogia:
1307 2173 1311 2189 ³

213 2203 302 2248 ‘num
319 2178 488 2248 dicebatur
503 2181 618 2247 Anaua
634 2190 667 2246 et
683 2181 838 2259 Maurus,
855 2190 889 2246 et
904 2203 947 2246 ex
965 2178 1035 2265 lpse
1046 2181 1159 2268 Mars,
1174 2183 1274 2253 sicuti

104 2327 107 2339 .
219 2267 320 2358 μέχρις
342 2287 384 2332 ex
401 2263 496 2352 lippae.

323 2383 386 2442 Non
400 2401 502 2457 operae
517 2385 638 2457 pretium
654 2391 738 2455 puto,
764 2386 912 2443 sententias
927 2402 1021 2444 omnes
1035 2385 1159 2444 virorum
1175 2389 1272 2444 clecto-

287 2487 366 2538 rum,
383 2487 486 2542 magns
497 2489 533 2526 ex
547 2477 627 2541 perte
640 2470 855 2542 improbabiles,
872 2473 986 2527 animae.
1020 2471 1081 2527 vid.
1098 2473 1188 2528 vossii
1202 2476 1273 2546 Ety-

270 2557 390 2630 ¹trrolog.
415 2574 438 2612 a.
455 2572 483 2610 v.
505 2557 607 2610 medius
621 2557 717 2623 fidius.
758 2557 823 2610 Hoc
836 2573 921 2610 uuum
938 2557 1046 2612 eddam.
1081 2558 1195 2613 Veteres
1215 2559 1273 2628 ipsi

286 2640 454 2714 ignorabant
464 2638 601 2708 originem
612 2639 739 2694 dictionis
752 2643 908 2708 mebmcule,
922 2650 1059 2709 meander,
1075 2647 1104 2697 et
1113 2643 1273 2714 analogiam

288 2739 410 2796 pascae
430 2723 557 2780 diodonis
575 2741 630 2778 uon
648 2724 842 2794 respicientes,
868 2741 910 2780 sne
932 2742 992 2780 esea
1012 2727 1193 2797 opinabantur
1207 2747 1273 2799 pro-
1377 2719 1380 2728 ’

286 2823 387 2866 nomen
401 2813 430 2863 et
447 2825 533 2879 quum
549 2811 636 2864 semel
649 2810 826 2881 grammatici
841 2810 997 2867 docuissent
1009 2827 1119 2868 sensnm
1130 2828 1207 2881 oasa,
1225 2831 1273 2868 me

287 2892 368 2950 iuvet
382 2895 535 2962 Herculea,
549 2894 679 2964 plurimi,
704 2901 736 2951 nt
752 2895 879 2962 videtur,
906 2894 1035 2951 dicebant
1049 2898 1206 2952 mehercules
1220 2915 1274 2968 pro

288 2977 475 3047 nominativo,
496 2995 662 3052 quamquam
684 2997 719 3036 ea
735 2986 798 3036 erat
815 2977 938 3034 vocativi
953 2980 1043 3037 ferma
1059 2981 1225 3051 communis,
1241 2983 1275 3040 iu

287 3063 344 3122 boe
359 3064 471 3138 quidam
483 3082 534 3120 usu
547 3081 565 3121 a
581 3064 715 3120 cicerone
734 3067 813 3123 Orat.
826 3063 870 3131 lt,
883 3062 940 3120 let.
956 3082 1011 3121 nou
1024 3066 1149 3136 probata.

302 3199 471 3272 Ecasrou
500 3213 534 3270 et
564 3201 694 3292 relique
723 3201 967 3292 usurpabantur
994 3202 1030 3268 in
1054 3202 1276 3271 obtestatione

222 3285 453 3378 qualicumque
478 3288 543 3371 ita,
578 3298 618 3354 nt
638 3289 779 3356 omnino
801 3288 945 3356 veritatis
971 3288 1023 3355 vel
1046 3291 1274 3356 admirationis

220 3393 334 3440 sensus
387 3374 641 3463 exprimeretur.
715 3374 826 3455 Quare
873 3375 1081 3464 grammatici
1121 3375 1276 3462 adverbia

220 3459 384 3526 vocabant
409 3461 489 3526 haec
518 3459 666 3526 nomina.
722 3461 853 3529 Tamen
876 3471 1015 3526 narrent
1045 3461 1212 3527 Charisius
1241 3471 1276 3528 ct

222 3544 350 3610 Gellius
369 3550 420 3624 11,
436 3551 467 3610 6:
488 3542 650 3616 foeminas
675 3567 808 3634 semper
827 3557 971 3628 ecastor,
992 3548 1082 3613 viros
1099 3547 1277 3627 mehercle,

220 3640 383 3778 utrosque
407 3631 528 3717 edepol
548 3630 687 3696 dixisse:
712 3631 803 3719 quod
842 3653 924 3697 uum
946 3633 983 3696 in
1002 3633 1110 3698 Plauti
1135 3643 1167 3697 et
1190 3633 1277 3698 alio·

221 3735 298 3780 rum
336 3714 405 3779 ocis
428 3738 500 3781 non
522 3717 633 3804 paucis
656 3716 750 3782 aliter
773 3739 807 3782 se
855 3717 951 3782 abere
977 3719 1083 3784 critici
1105 3718 1275 3794 vidissent,

223 3801 470 3867 excusationem
485 3802 520 3867 in
538 3823 578 3866 eo
595 3802 811 3888 quaerebant,
834 3801 927 3890 quod
945 3825 1014 3868 non
1029 3804 1192 3882 Romani,
1216 3803 1285 3870 sad

249 3885 407 3974 eregriai,
440 3897 495 3952 aut
523 3887 572 3952 illi
594 3888 630 3952 in
653 3889 749 3953 terris
805 3889 963 3976 eregrinis
986 3890 1114 3978 loquuti
1137 3887 1278 3954 fuissent

221 3907 441 4059 lllamshorn.
461 3975 577 4039 Gram.
591 3977 646 4038 98.
661 3995 696 4061 p.
705 3911 814 4062 well:
837 3974 895 4040 sed
908 3973 1043 4041 frustra.
1072 3976 1156 4041 Nam
1172 3975 1276 4056 idem,

223 4057 316 4143 quod
331 4077 392 4123 usu
412 4059 474 4125 sibi
490 4059 698 4126 vindicarunt
711 4061 884 4142 mulieres,
905 4083 975 4126 non
992 4063 1081 4127 viros
1098 4061 1279 4126 dedecebat

222 4161 391 4234 usurpare.
431 4143 613 4210 Enimuero
635 4145 670 4210 in
709 4167 894 4236 uarumque
917 4148 1156 4214 asseveratione
1170 4146 1279 4236 poni-

224 4237 281 4296 tur
306 4241 440 4298 ecastor
469 4230 538 4299 sive
567 4230 602 4296 in
633 4169 741 4300 media
775 4233 956 4317 sententia,
994 4235 1062 4301 sire
1093 4234 1135 4300 ab
1165 4232 1279 4300 initio.
