2852 4736
346 301 353 308 ¹
461 409 464 414 .
574 307 740 438 nonae.
946 383 950 392 ·
1115 359 1178 426 291
1287 376 1290 386 ·

192 519 264 584 te.
293 510 505 600 Pomponius
527 507 634 590 Mela,
672 511 757 576 sicut
780 505 860 578 fecit
882 507 919 574 in
938 506 1009 576 aliis
1027 511 1177 586 nomini-

126 601 205 682 bus,
234 622 326 689 'quae
356 597 520 685 temporis
549 593 715 683 rationem
750 595 960 684 exprimunt,
993 597 1092 664 etiam
1115 597 1177 664 diu

126 690 167 756 ed
189 691 346 756 locorum
371 684 570 772 spatiumst
593 681 838 769 longitudinem
860 679 983 746 retulit.

229 808 256 874 2,
273 806 299 872 4,
316 805 341 858 1.
360 804 445 858 ltalia
461 831 497 844 ···
515 803 586 855 inter
600 818 723 870 superem
733 817 807 855 mure
831 807 856 854 ct
877 801 993 867 teserem
1007 805 1120 860 excurrit
1132 807 1180 860 die

192 894 288 946 solida:
323 889 394 956 1‚-e‚
414 888 578 956 saepserant
597 887 666 938 caim
688 887 769 940 etiem
793 886 929 938 meridiem
953 887 1029 953 lact,
1054 904 1180 960 oramque

193 978 277 1031 indici
292 975 376 1027 maris
396 998 443 1034 -,
454 973 501 1024 diu
521 971 652 1024 continuis
673 971 799 1040 gentilos
817 977 952 1039 ocaapaat.
989 969 1055 1036 1‚.‘t‚
1069 971 1095 1026 5.
1112 975 1181 1028 leaeo

193 1061 412 1120 {succidentem
438 1055 534 1124 dieque
551 1055 632 1109 etiem
646 1057 684 1111 ed
700 1056 908 1125 septemtrionem
924 1055 1033 1110 diversis
1041 1059 1180 1124 frontibus

195 1145 293 1216 sagas.

134 1344 138 1352 “
370 1335 374 1344 ’
526 1335 776 1434 DONEG.

211 1576 251 1646 In
280 1589 434 1671 tempore
460 1605 563 1672 quum
590 1569 783 1650 oliservetur
810 1581 867 1664 id,
906 1582 998 1670 quod
1020 1580 1119 1650 simul
1142 1579 1181 1650 fit

124 1687 196 1732 uno
226 1677 398 1757 tempore,
439 1681 469 1734 et
495 1671 528 1734 id
556 1670 645 1756 quod
670 1669 905 1758 consequitur,
944 1681 1053 1756 potest
1081 1669 1182 1736 etiam
1277 1691 1278 1698 ¹

125 1753 270 1840 spatium
289 1755 452 1843 temporis
469 1756 580 1821 animo
607 1757 752 1844 concipi,
783 1754 874 1842 quod
899 1754 982 1820 duae
1005 1779 1057 1820 res
1081 1753 1180 1821 simul

98 1898 101 1904 .
126 1845 347 1928 percurrunt,
367 1853 397 1907 et
420 1845 451 1906 in
477 1844 567 1906 ouius
583 1843 726 1906 terinino
743 1841 844 1907 altera
857 1863 909 1906 res
925 1842 1061 1926 alteram
1079 1842 1181 1907 attiu-

126 1927 173 2012 gia
191 1937 221 1989 ct
242 1927 376 2014 excipit.
423 1929 516 1992 Hanc
542 1930 705 2014 temporis
731 1927 981 1991 continuitatem
1006 1937 1038 1992 et
1062 1927 1181 1993 termi-

126 2012 297 2076 nationem
324 2013 429 2077 Latini
457 2014 564 2079 verbis
591 2013 672 2076 clam
696 2023 727 2076 et
752 2013 858 2078 donec
882 2013 1074 2112 designant,
1098 2035 1181 2114 quae

126 2119 183 2162 sua
201 2099 328 2163 ratione
345 2099 501 2165 differunt
527 2125 544 2165 a
567 2121 686 2188 quum,
710 2099 799 2184 quod
818 2108 978 2185 temporis
995 2097 1181 2166 definitioni

128 2205 168 2247 eo
186 2184 289 2248 modo
307 2184 461 2268 inservit,
483 2196 521 2250 ut
537 2185 615 2250 duas
633 2205 686 2270 res
705 2185 846 2268 interno
864 2183 1007 2271 quodam
1033 2207 1121 2250 nexu
1145 2187 1182 2250 in

126 2277 279 2355 tempore
306 2271 520 2337 cohaerentes
540 2269 710 2358 significet.
763 2265 857 2333 Dum
883 2279 992 2336 autem
1018 2267 1181 2336 et'donee

126 2353 275 2420 indicant
291 2357 370 2436 dues.
394 2379 448 2424 res
473 2380 540 2422 non
568 2355 630 2420 nisi
654 2349 756 2442 ipsius
777 2357 937 2441 temporis
961 2358 1181 2443 perpetuitate

127 2439 303 2530 coniungi,
343 2445 409 2507 sive
440 2443 537 2506 simul
564 2441 774 2520 exsistentes,
815 2441 882 2506 sive
908 2464 941 2504 se
967 2441 1179 2532 excipientes.

127 2527 285 2606 Germani
301 2525 333 2592 id
351 2525 518 2606 dicuntso
535 2527 641 2616 lunge
657 2525 729 2608 uls,
755 2527 845 2612 quod
862 2533 1027 2590 contracta
1043 2528 1181 2593 notione
1256 2570 1262 2586 ι

126 2623 173 2678 est
193 2613 378 2694 wallarensi,
407 2629 438 2679 et
461 2613 499 2678 'so
521 2613 627 2702 lange
653 2611 714 2676 bis.
766 2609 831 2676 Sed
856 2611 962 2676 donec
988 2610 1053 2675 hoc
1082 2613 1181 2680 habet

124 2702 323 2786 proprium,
363 2711 399 2764 ut
430 2721 563 2788 semper
592 2711 724 2786 tempus
752 2698 792 2762 ad
824 2698 967 2785 aliquem
997 2697 1181 2782 terminum

124 2781 330 2872 productum
352 2787 565 2874 intelligatur.
607 2784 702 2848 Dum
725 2807 794 2850 non
819 2785 922 2850 modo
943 2793 1073 2872 tempus
1093 2785 1180 2851 inter

124 2873 288 2960 terminos
323 2872 536 2956 conclusum,
580 2871 638 2936 sed
668 2873 766 2937 etiam
795 2870 906 2961 ipsum
928 2872 1094 2968 temporis
1120 2872 1193 2970 de.-¹

125 2977 261 3022 cursum
278 2969 384 3024 notat.

162 3075 165 3080 ’
209 3073 304 3144 Dum
323 3075 510 3146 formatum
527 3097 596 3145 esse
613 3075 696 3146 mihi
721 3073 850 3146 videt-ur
872 3072 936 3158 ita,
965 3087 1001 3145 ut
1015 3071 1182 3154 indefiniti

123 3166 290 3251 temporis
305 3167 400 3255 signo
417 3190 475 3230 um
493 3165 726 3254 praefigeretur
742 3165 803 3230 de:
840 3162 924 3229 uude
940 3167 1035 3249 notio
1056 3166 1182 3231 exstitit

123 3253 288 3336 temporis
312 3275 353 3318 ex
377 3253 488 3338 aliquo
506 3264 631 3339 puncto
651 3250 864 3332 decurrentis.
907 3239 991 3332 Hpie
1017 3250 1179 3323 vocabulo

125 3336 341 3402 adiiciebatur
365 3338 403 3402 ad
429 3339 611 3402 terminum
634 3331 871 3426 designandum
897 3339 1181 3426 endemqnstrati'·

124 3443 223 3499 vum,
255 3424 295 3487 de
319 3428 494 3511 quo.p.8.
534 3421 620 3489 dixi:
662 3426 747 3487 sicut
768 3419 961 3494 factumest
983 3417 1180 3499 innuneet

48 3567 51 3574 .
123 3515 216 3572 tunc.
261 3515 374 3595 Atque.
395 3503 461 3576 hoc
487 3509 576 3574 datrae
600 3507 642 3573 ob
663 3505 854 3580 mutabilem
878 3509 1026 3610 vocplem
1051 3511 1181 3576 transiit

122 3585 159 3656 in
186 3591 332 3658 donc'ct
357 3595 481 3678 clerieo,
520 3593 609 3695 quod
638 3585 763 3693 vulgari
782 3593 1053 3681 pronuntiatione
1079 3593 1179 3660 etiam
1270 3647 1274 3660 s

123 3677 269 3760 cloncce,
292 3689 328 3760 ut
342 3686 480 3762 nisrtooe,
500 3702 597 3759 sicce,
616 3688 776 3758 sonuisse,
799 3675 1000 3768 et'doncque
1015 3680 1179 3768 seriptum

124 3775 194 3830 esse
216 3765 364 3848 videtur,
387 3768 481 3832 sicuti
505 3768 657 3854 antiquae
680 3767 860 3852 scripturae
885 3761 1003 3847 danic,
1033 3761 1179 3854 donique

124 3861 267 3916 exstant.
312 3851 480 3918 Primitiva
504 3850 606 3938 igitur
623 3853 810 3940 ‘particulae
826 3849 1019 3936 significatio
1037 3861 1104 3917 esta
1138 3853 1178 3918 ab

123 3933 235 4026 aliquo
251 3938 414 4026 temporis
433 3947 608 4004 momento
625 3961 729 4026 usque
747 3938 786 4003 ad
804 3949 930 4030 certum
947 3938 1141 4003 terminum.

229 4058 286 4132 Alii
301 4065 378 4126 sunt,
403 4057 450 4127 qui
466 4061 528 4112 dom
549 4053 635 4128 ιιδήν
646 4061 796 4134 deducunt.
831 4058 888 4112 Alii
903 4057 1045 4130 antiquum
1059 4061 1177 4114 verbum

129 4191 133 4200 ,
192 4143 309 4196 latinum
324 4143 430 4198 servari
453 4145 547 4198 dieunt
567 4143 596 4198 in
612 4145 756 4201 Gallorum
773 4145 902 4214 dcaqaes,
924 4147 993 4198 donc
1008 4144 1078 4214 etin
1092 4145 1178 4198 ltalo⁴

193 4243 256 4280 rum
278 4230 391 4300 danque.
449 4231 545 4300 Neque
568 4245 622 4300 ego
646 4229 675 4282 id
698 4232 846 4299 negarem,
872 4227 925 4282 nisi
947 4231 1019 4285 haee
1040 4229 1176 4305 vuneehule

817 4315 856 4376 te
867 4315 886 4354 ¹⁶
