2758 4726
177 377 182 390 ·
242 393 304 454 710
598 372 724 452 scm
767 381 935 450 toastt.

243 539 306 608 1:³1.
330 549 369 604 at
377 533 550 628 possimus
564 539 717 626 apertius
730 538 929 626 intellegere
936 583 947 616 ,
968 534 1108 625 manda
1122 545 1205 602 sant
1220 537 1294 604 ista

246 627 284 692 itt
302 623 394 708 loco,
422 623 558 712 qnando
585 623 628 690 de
653 623 745 705 loco,
775 623 929 690 debemus
953 619 1082 686 addere
1099 624 1294 709 praeposi-

244 712 374 777 tiones.-
395 709 556 800 quoniam
578 709 628 774 clo
650 705 829 797 significat
846 709 894 774 'de
915 708 988 772 loco
1013 727 1082 771 esse
1107 705 1295 772 deintus

245 807 280 862 at
297 791 484 880 deforis.
510 829 554 843 -
585 793 655 858 Set
673 804 736 858 troc
757 817 864 882 nequa
898 815 968 858 torn
977 791 1297 879 posssimusfacers

245 893 280 946 et
303 881 432 944 attimar
451 879 525 944 sine
546 879 814 966 praepositione.
892 886 906 942 t
924 877 1062 964 'quondo
1078 876 1126 940 sit
1147 876 1297 966 signifi·

246 967 339 1032 calio
357 965 408 1030 tel
421 964 458 1030 ire
473 963 547 1029 laco
564 963 615 1030 ael
629 963 671 1028 tle
688 963 780 1046 loeo,
802 962 845 1028 de
860 961 965 1028 sertis
980 960 1161 1048 intelligis.

329 1089 360 1149 7.
382 1081 484 1149 Foris
507 1082 763 1182 praepositionis
782 1081 885 1147 instar
899 1101 974 1145 eum
989 1064 1173 1146 accusativo
1195 1102 1296 1147 com·
1316 1099 1319 1107 ·

125 1165 128 1172 ’
244 1168 391 1257 positum
415 1168 721 1260 est‚s1eutisoras.
789 1221 792 1234 2
847 1229 852 1238 ‚

346 1289 449 1342 Auctor
471 1286 505 1338 ie
519 1286 666 1340 hinnitibus
686 1305 714 1357 p.
727 1285 788 1342 m.
809 1287 890 1342 (iasa.
906 1285 1060 1340 sanans·
1080 1285 1105 1339 si
1126 1285 1164 1338 sit
1179 1287 1293 1353 flurin,

285 1373 359 1444 ψη·
375 1372 448 1439 foris
469 1388 568 1440 agrum
591 1389 645 1424 aaa
666 1380 794 1444 aagatcr.
835 1373 872 1426 at
888 1373 981 1442 paullo
1001 1376 1080 1426 ante:
1113 1377 1145 1424 at
1164 1370 1297 1425 tarnim

269 1503 272 1510 .
287 1505 289 1512 ,
306 1452 383 1529 farti
395 1455 492 1512 limites
504 1462 675 1528 ponerentur.
716 1501 719 1508 .

523 1625 700 1728 eoas,
754 1581 999 1713 consta.

285 1837 286 1842 ,
329 1771 423 1840 Fons
440 1791 564 1838 nomen
586 1771 825 1836 substantivum
847 1793 923 1836 cum
946 1771 1119 1852 omnibus,
1147 1789 1238 1857 quae
1255 1791 1297 1834 ex
1364 1772 1365 1810 ³

246 1878 287 1922 eo
303 1866 379 1922 nata
402 1866 497 1931 sunt,
526 1857 651 1940 verbis,
677 1857 763 1922 illius
782 1858 926 1922 eiusdem
943 1867 1020 1920 suat
1034 1856 1166 1942 stirpis,
1190 1877 1295 1941 quam

246 1942 282 2005 ia
297 1941 670 2012 roais-declaravimus.
712 1943 798 2006 Nam
816 1943 1062 2028 quum'omnia,
1086 1959 1294 2028 quas‘agun-

246 2035 319 2107 tur,
342 2038 397 2091 aut
420 2045 478 2092 sua
500 2031 617 2092 natura
638 2027 690 2092 vel
704 2047 761 2090 sun
777 2037 893 2114 sponte
911 2027 1129 2114 proveniunt,
1156 2035 1218 2090 aut
1233 2047 1294 2091 ex·

247 2113 344 2174 terno
370 2112 515 2198 quodam
544 2111 689 2198 impulsu
721 2122 914 2193 moventur,
954 2109 1025 2196 fors
1054 2109 1220 2198 significat
1250 2109 1295 2190 id,

283 2195 340 2261 ‘od
356 2197 556 2262 extrinsecus
572 2209 683 2261 movet
708 2197 759 2261 vel
782 2198 980 2262 extrinsecus
1001 2197 1134 2260 accedit.
1181 2197 1297 2276 Quare

240 2215 321 2370 jaira
338 2303 407 2347 non
428 2283 546 2346 dicitur
569 2305 585 2348 a
599 2279 767 2370 ferendo,
797 2293 899 2368 prout
921 2302 973 2348 res
997 2281 1081 2364 fert,
1111 2300 1198 2366 quae
1225 2290 1296 2344 erat

254 2367 358 2431 Vossii
374 2367 551 2445 sententia,
575 2368 634 2457 soci
648 2377 756 2454 proutx
771 2389 824 2434 res
846 2367 951 2432 fertur
972 2364 1055 2432 foris
1079 2369 1100 2430 i.
1117 2388 1145 2428 e.
1170 2365 1214 2429 ab
1234 2387 1295 2429 ex-

248 2460 343 2516 terna
367 2452 508 2539 quadam
533 2454 584 2533 vi,
624 2455 694 2518 siva
720 2463 858 2518 externo
888 2452 1065 2539 impulsu„
1092 2453 1204 2536 Atque
1229 2449 1295 2514 hoc

248 2537 351 2602 modo
387 2537 573 2620 desigantur
602 2558 712 2602 caussa
743 2539 794 2603 vel
825 2559 896 2619 res,
935 2558 1004 2602 non
1029 2536 1296 2601 excaecassitate

250 2631 306 2686 aut
329 2643 369 2686 ex
394 2622 404 2686 i
431 2645 466 2685 sa
487 2623 536 2686 rei
560 2632 675 2687 natura
696 2623 868 2710 profecta,
907 2621 964 2686 sed
986 2621 1132 2696 accidens
1157 2631 1192 2685 et
1219 2641 1295 2686 casu

248 2727 347 2792 agens
370 2643 520 2774 refecta.
563 2706 720 2774 Similiter
741 2708 896 2775 Germani
918 2715 1126 2793 componunt
1143 2705 1296 2770 vocabu-

248 2789 321 2855 lum
353 2787 476 2878 Zitfall
506 2813 524 2854 a
554 2792 654 2856 verbo
677 2790 851 2881 'sasallera
911 2793 1096 2874 Fortuitum
1132 2792 1229 2856 enim
1261 2790 1295 2856 id

250 2874 472 2963 appellamus,
495 2875 584 2960 quod
605 2899 666 2964 per
689 2877 864 2962 quamdam
887 2899 1032 2960 caussam
1050 2875 1295 2944 velconditio-

249 2983 328 3026 nem
347 2970 516 3024 externam
538 2958 593 3042 fit,
622 2961 711 3026 cuius
736 2973 885 3027 naturam
911 2961 951 3028 et'
967 2962 1197 3034 necessitbtem
1225 2983 1296 3032 non

247 3053 456 3133 perspectam
480 3043 660 3124 habemas,¹
684 3045 845 3116 effectum
877 3058 984 3116 autem
1014 3047 1169 3114 vidimus.
1213 3047 1295 3112 Fors

251 3131 340 3195 enim
358 3130 474 3196 accidit
492 3152 585 3208 casu,
612 3130 717 3198 fatum
731 3156 791 3222 per
808 3133 1040 3218 necessitatem,
1079 3209 1081 3216 Ι

266 3286 273 3314 ·.
330 3248 413 3320 1.,1.
432 3247 486 3316 Ex
500 3248 564 3314 hoc
580 3252 717 3316 nomine
730 3252 854 3318 multae
870 3263 945 3318 sunt
962 3249 1064 3316 factae
1084 3247 1220 3316 formae
1235 3250 1296 3316 ad-

250 3333 418 3400 verbiales.
478 3333 544 3402 Sed
565 3336 801 3422 ipsametiam
826 3347 844 3402 a
874 3337 980 3426 poetis
1003 3334 1237 3422 xusurpabatur
1261 3340 1296 3402 in

248 3417 388 3486 medum
405 3417 566 3484 adverbii:
580 3477 585 3490 „
598 3420 686 3506 quod
703 3420 775 3493 fieri
798 3443 866 3487 non
892 3421 1018 3509 potuit,
1046 3421 1109 3486 nisi
1131 3443 1209 3508 per⁴
1223 3422 1297 3487 clli-

250 3504 326 3589 psin
344 3503 452 3582 verbi,
472 3513 509 3567 ut
526 3515 610 3568 esset
621 3503 702 3592 fors
717 3507 839 3590 dictum
861 3529 925 3594 pro
938 3504 1018 3595 fors
1033 3505 1090 3570 sit.
1133 3506 1297 3572 Priscian.

249 3609 284 3674 p.
294 3589 387 3654 1015.
412 3587 667 3680 similitersors,
687 3613 787 3680 qntrm
800 3592 846 3654 sit
859 3589 1098 3666 nominativos,
1119 3591 1297 3678 accipitur

248 3692 313 3758 pro
342 3673 511 3740 adverbio.
545 3697 579 3764 p.
606 3682 699 3742 1016.
730 3688 762 3743 el
780 3675 859 3764 jors
889 3675 1084 3767 quidemst
1105 3676 1241 3769 forsan
1264 3687 1299 3742 et

249 3753 400 3837 forsitan
423 3757 606 3826 dubitandi
625 3773 727 3842 santa
775 3774 846 3826 orte
872 3787 953 3830 aero
973 3773 1107 3828 eventus
1127 3784 1195 3850 pro
1209 3759 1297 3850 Jor-

84 3909 90 3924 ,
206 3883 210 3942 ᾧ
249 3843 351 3908 trtittt.
400 3843 506 3932 Atque
530 3846 633 3909 utitur
653 3845 714 3912 hac
761 3847 948 3930 iettensis,
988 3845 1046 3934 qai
1070 3846 1196 3935 aliquid
1222 3847 1298 3913 fieri

250 3928 422 4015 opinatur,
442 3940 552 3994 autex
569 3929 638 3993 aliis
656 3932 755 4000 rebus
776 3933 917 4024 colligit,
948 3935 992 4000 ita
1014 3929 1105 4009 fieri,
1137 3931 1198 3998 sed
1224 3955 1298 4000 nou

250 4033 327 4076 oum
349 4013 491 4099 simplici
516 4013 548 4080 vi
571 4015 719 4082 vocabuli
735 4015 901 4108 sortasse.
953 4020 1093 4104 Semper
1115 4017 1210 4084 enim
1235 4017 1297 4083 ad-

250 4096 377 4164 scendit
402 4099 509 4163 oratio
531 4098 682 4184 adrem,
717 4124 786 4168 non
810 4123 872 4192 per
896 4114 1091 4183 secatam,
1123 4101 1186 4167 sed
1209 4125 1298 4192 qaae

249 4181 516 4267 probabilitatem
537 4185 692 4254 excedere
714 4189 869 4258 videatur.
913 4187 1080 4274 Sententia
1103 4187 1212 4279 igitar
1235 4209 1298 4256 ex-
