2844 4740
194 469 200 484 Ι
233 376 297 442 250
530 373 752 442 'nannete
794 349 970 442 neuvtr.
1025 458 1033 464 ,
1111 357 1144 426 .'

602 559 913 653 DEMAGIS.
934 555 936 563 '

317 728 583 800 Nonius·Marc.
616 737 654 812 2,
684 736 760 796 229.
804 731 982 820 demergis,
1022 718 1123 798 ualde
1155 734 1285 820 mugio.
1326 785 1330 794 .

120 817 123 820 ’
224 820 378 886 ¹Lucilius
398 818 456 884 lib.
475 814 564 882 XVI.
590 815 662 886 lieu
682 817 788 882 Corus
805 819 863 883 ille
879 817 963 883 duos
979 817 1039 882 lios
1063 829 1194 895 uentos,
1217 842 1286 883 nu-

233 919 344 971 etrum
364 915 464 991 utque
483 903 686 1002 aquilonem,
702 905 881 970 nouissime
899 903 1034 981 alebat,
1056 903 1144 968 solos
1161 903 1286 969 demo·
1390 971 1397 983 ,

262 993 291 1054 ie
315 992 397 1056 ictae
421 1013 461 1054 ex
482 987 596 1052 nimbo
621 989 782 1055 antetalius
803 1014 866 1056 uec
891 1015 953 1056 uos
984 1013 1117 1054 senecas
1143 1002 1285 1076 putare.
1359 1025 1376 1067 s·

232 1016 321 1143 ibeo
346 1085 501 1162 corrupta
525 1075 624 1140 verba
646 1077 690 1140 ita
719 1078 924 1141 emendanda
951 1087 1045 1140 sunt:
1078 1074 1150 1140 Rex
1177 1075 1285 1140 Corus
1325 1071 1356 1133 f

121 1195 125 1204 »
233 1164 294 1228 itte
318 1162 403 1228 duos
431 1172 562 1239 uentae,
596 1173 752 1225 aristi-um
783 1175 884 1252 utque
916 1163 1110 1249 aquilonem
1139 1159 1284 1228 Nouieee

234 1245 352 1315 aiebat
365 1271 401 1312 se
416 1246 506 1311 soloe
525 1245 703 1334 demugis:
731 1249 813 1314 istos
829 1249 886 1313 Ex
900 1247 1020 1323 nimbo
1037 1248 1199 1316 cristallus
1221 1271 1284 1312 nec

151 1373 153 1377 Α
232 1358 355 1412 nosse,
377 1357 439 1398 nec
460 1355 531 1396 esse
549 1344 688 1418 putore.
733 1333 865 1398 Pestus:
897 1333 1058 1421 demergis
1076 1355 1144 1419 pro
1168 1335 1284 1398 minue

234 1420 368 1508 antiqui
399 1416 570 1484 dicebant.
628 1419 786 1494 Dacerius
811 1420 1038 1508 suspicabatur
1065 1419 1283 1486 scribendum

233 1528 304 1572 esse
321 1505 437 1572 nimis.
482 1504 590 1576 Gloss.
607 1504 798 1573 Philoxeni:
824 1505 995 1595 demogie,
1010 1508 1159 1594 σφοδρῶς.

354 1685 362 1714 t

620 1689 885 1818 neuun.

209 1921 214 1938 ¹
312 1901 417 1988 Origo
446 1898 610 1966 vocabuit
627 1917 755 1966 Dnuvnt
783 1899 877 1967 valde
916 1900 1055 1965 obscura
1084 1909 1143 1964 eet.
1181 1899 1280 1966 .Non

229 1996 359 2077 potest,
390 1986 481 2070 quod
511 1986 647 2056 Vossius
677 1996 709 2052 et
746 1985 951 2068 Foroellinus
987 1987 1225 2073 opinabantur,
1261 2011 1280 2052 a

230 2080 349 2162 graeco
374 2077 467 2153 τῆμος
488 2071 615 2136 deduci.
660 2073 747 2137 Haec
774 2073 863 2136 euim
889 2071 1146 2136 demonstrativa
1167 2071 1280 2138 forma

214 2171 280 2238 vest
302 2157 392 2222 verbi
414 2151 499 2239 ἦμος.
540 2159 656 2244 Neque
683 2181 701 2222 a
727 2155 825 2222 demo
849 2160 950 2222 verbo
975 2157 1160 2240 descendit,
1186 2158 1279 2244 quasi

228 2245 263 2310 id
279 2243 456 2343 significet,
477 2245 567 2330 quod
584 2243 702 2308 demtis
727 2243 895 2329 prioribus
919 2254 1092 2332 postremo
1115 2267 1153 2308 su
1180 2255 1278 2310 erest.

209 2333 360 2400 -ceruor
385 2331 515 2395 videtur
540 2353 607 2395 esse
631 2331 782 2418 cognatio
811 2331 918 2417 graeci
942 2325 998 2411 δή,
1034 2329 1125 2415 quod
1151 2267 1279 2396 Factum
1326 2359 1329 2369 ·

228 2428 279 2482 est
309 2416 407 2496 dem,
444 2415 527 2480 sicut
556 2438 608 2494 ex<
630 2417 706 2489 δὲκος
735 2414 862 2497 decem.
890 2413 958 2494 xCf.
991 2429 1149 2480 TANDEM.
1190 2417 1279 2482 Nam

227 2503 354 2592 syllaba
391 2525 450 2566 um
480 2503 604 2583 adiecta
636 2501 832 2580 formationi
862 2500 1016 2578 inservit,
1054 2512 1092 2564 ut
1124 2502 1159 2566 in
1192 2514 1277 2583 tum,

211 2587 329 2665 bium,
352 2589 395 2652 'et
407 2592 442 2654 in
462 2601 632 2668 actutum,
657 2587 834 2670 donicum,
853 2587 983 2652 sedum.
1032 2588 1166 2652 Veteres
1183 2588 1279 2655 dixe-

225 2685 306 2740 runt
322 2673 462 2738 demna.-
483 2675 573 2760 quod
590 2673 678 2761 apud
698 2675 829 2738 Livium
848 2672 1074 2738 Andronicum
1094 2674 1279 2742 observavit

215 2757 357 2826 -Festust
382 2759 478 2830 sicuti
496 2782 612 2824 rursus
631 2770 663 2822 et
681 2780 817 2825 rursum
842 2757 1021 2824 dicebatur.
1064 2762 1172 2846 Atque
1195 2761 1278 2828 haec

150 2902 155 2911 .
205 2843 674 2931 'conveniuntsignificationi
698 2845 903 2930 primitivae,
928 2867 1011 2930 quae
1035 2866 1106 2908 nou
1128 2846 1168 2910 ed
1186 2857 1277 2915 tem-

220 2933 290 3020 'pus
308 2931 411 2994 modo
429 2932 588 3014 pertinet,
610 2951 717 3017 neque
732 2953 805 2996 rem
828 2953 898 2994 uon
921 2933 1014 3018 prius
1041 2929 1164 2996 factam
1189 2934 1276 3000 desi-

226 3029 314 3106 gnat,
334 3016 392 3081 sed
407 3017 646 3082 distinctior-em
663 3016 924 3105 designationem
942 3027 977 3090 et
989 3015 1276 3084 confirmationem

227 3103 372 3168 exhibet.
422 3103 481 3167 Est
503 3107 590 3168 enim
613 3112 768 3169 nostrum
794 3101 886 3168 eben.
939 3104 1112 3168 Onomast.
1135 3127 1274 3192 graeco-

225 3189 283 3255 lat.
303 3187 440 3266 demum
455 3185 510 3270 δὴ,
532 3187 565 3253 ab
592 3191 686 3265 τέλος.
728 3191 815 3260 Haec
841 3211 919 3254 vero
947 3189 1127 3274 designatio
1145 3190 1274 3278 *duplex
1362 3255 1367 3271 ,

227 3293 299 3340 esse
320 3285 450 3361 potest:
475 3298 554 3340 nam
578 3284 635 3338 aut
656 3275 863 3362 oppopendo
887 3275 1051 3341 distinctio
1077 3274 1273 3360 declaratur,

227 3371 283 3426 aut
298 3359 530 3448 restringendo
545 3371 691 3447 potestas
708 3362 756 3426 rei
771 3359 998 3426 confirmatur.
1040 3359 1125 3430 Illud
1148 3362 1187 3428 ab
1214 3386 1274 3428 an·

226 3447 321 3544 tiquo
341 3455 494 3535 tempore
514 3446 753 3535 usurpabatur:
777 3447 844 3512 hoc
865 3457 976 3514 autem
998 3449 1166 3514 recentior
1187 3459 1272 3515 aetas

119 3563 143 3594 «.
223 3532 360 3600 invenit.
471 3550 474 3560 ¹

326 3649 415 3705 Nimis
437 3651 555 3705 absurde
576 3652 625 3706 ille
641 3653 787 3723 Apuleius,
816 3652 892 3706 cuius
915 3645 1017 3704 libruin
1038 3649 1072 3705 de
1087 3653 1274 3724 Diphthougie

293 3733 380 3789 edidit
394 3733 536 3803 Oceanus,
553 3739 624 3791 haec
639 3757 665 3808 p.
683 3739 742 3792 lat.
764 3742 869 3794 demum
891 3740 972 3792 ctiam
993 3740 1113 3807 plerique
1129 3740 1275 3808 dipbtbon-

95 3869 101 3878 ,
195 3819 197 3824 '
291 3827 378 3892 gont.-
396 3821 442 3871 scd
456 3839 535 3890 quum
550 3825 653 3876 demum
668 3827 744 3894 quasi
758 3825 886 3878 decimum
902 3825 1000 3875 dictum
1016 3840 1068 3874 esse
1078 3825 1204 3888 seratur,
1222 3827 1275 3878 uri-

290 3906 361 3957 uime
381 3904 634 3977 dipbtbougaudum
655 3910 775 3962 0tduar=
801 3928 819 3962 a
843 3910 929 3961 decem
955 3909 1014 3960 idco
1037 3909 1136 3959 dicitur
1159 3907 1273 3973 demum,

291 3991 362 4060 quod
383 3990 522 4058 significat
539 3993 576 4044 od
588 3996 690 4062 finem,
710 3995 876 4063 quantumin
902 3993 989 4044 decem
1004 3993 1138 4044 naturalia
1154 4000 1194 4044 eet
1202 3995 1274 4059 fluis

290 4075 402 4126 numeri.
439 4074 492 4125 vbi
507 4092 589 4144 quam
604 4077 728 4131 Osannus
743 4076 947 4148 comprobavit,
963 4076 1052 4130 vossii
1066 4077 1203 4130 sententia
1216 4093 1272 4130 non
1371 4073 1375 4079 ’
1415 4065 1416 4096 ³

291 4165 431 4228 potesteo
445 4149 586 4227 stabilitis
599 4161 670 4230 quod
685 4179 703 4215 a
719 4164 808 4232 τῆμος
823 4163 890 4214 olim
902 4161 1005 4214 dictam
1026 4169 1109 4213 temus
1123 4165 1219 4229 posteo
1235 4162 1272 4215 ed

292 4245 403 4300 modum
418 4244 559 4302 nominum
582 4249 729 4304 emanue
750 4255 779 4304 et
792 4249 937 4305 Aureum
951 4244 981 4300 in
1004 4247 1145 4302 eimau
1165 4247 1272 4302 deinum
1376 4283 1381 4294 ·

879 4506 882 4518 ,
984 4465 998 4508 t
