2758 4726
504 394 665 466 FORTE'.
1041 404 1104 468 117,

107 559 401 626 .,·,,,·ιηῃ,,01.ρωο0
414 551 546 623 mucan
557 552 655 616 cerlo,
673 556 699 604 ct
710 549 838 620 eliqucm,
846 589 848 594 -
856 550 978 618 ritorto,
994 558 1103 618 mutum.

123 646 160 701 ud
177 645 229 712 Qu.
245 642 322 697 Frui.
338 641 365 704 l,
379 639 406 704 1,
422 638 448 702 1,
457 636 483 689 i.
502 637 701 706 intelligereris
716 637 816 688 nitrilu
829 651 886 699 me,
905 635 958 690 uiri
975 637 1104 694 motionis

121 729 288 784 acerbitatem
299 733 324 778 et
340 723 508 778 iracundiam
519 728 559 788 et,
576 721 601 774 ei
609 715 704 791 forte,
719 737 783 774 roro
799 721 949 774 litterarum
963 722 1103 774 missurum

120 812 319 882 indiligentiam
334 808 527 876 reprehensum.

138 917 187 977 10.
210 911 251 976 Si
263 910 361 1002 sorte
388 907 488 972 etium
511 907 650 995 ponitur
673 929 737 998 pro
765 908 797 973 si
820 908 974 996 quando,
1003 911 1101 973 eveum

55 997 194 1064 einmal.
295 1027 336 1044 ¹«
424 1054 428 1060 ,
552 1083 555 1088 Δ
663 1021 668 1040 .
793 1089 797 1093 ι
992 1089 995 1096 .

152 1117 243 1170 Pleni.
259 1111 333 1200 driu.
349 1113 375 1178 1,
389 1113 416 1179 1,
430 1111 473 1166 91.
494 1112 558 1182 quid
571 1114 595 1167 ri
609 1109 688 1182 sorte
707 1115 737 1166 in
755 1113 868 1167 incidiae
888 1107 1037 1166 devenero?
1061 1113 1102 1166 111

117 1200 229 1254 redimes
243 1215 298 1263 me,
326 1199 349 1250 ci
363 1211 403 1251 me
418 1199 503 1251 trustes
517 1198 728 1268 interceperint?

134 1321 185 1380 11.
207 1311 332 1378 Eodem
349 1324 398 1378 est
413 1299 515 1392 ratio,
544 1313 601 1378 ubi
626 1315 658 1379 si
677 1313 918 1402 significatum.-
941 1311 1101 1398 quemad-

46 1399 191 1468 modum
208 1422 342 1486 gruecus
358 1409 457 1486 poeta
473 1401 502 1462 εἴ
515 1423 566 1463 κεν
583 1399 647 1464 Od.
667 1405 717 1482 15,
729 1403 804 1465 523.
832 1401 971 1477 16,,238.

69 1523 73 1530 ’
152 1521 244 1574 Plnut.
260 1520 344 1573 Poen.
359 1517 385 1584 5,
401 1517 500 1584 21⁰3.
516 1519 696 1572 memoradum
715 1511 797 1572 milri:
823 1519 928 1572 sinooi
943 1520 1034 1583 forte,
1053 1523 1102 1571 out

117 1605 141 1657 ci
159 1613 223 1658 runt
244 1605 353 1674 cognati
374 1603 447 1656 milri.
472 1601 532 1655 Idu.
549 1601 576 1667 1,
590 1602 617 1668 i,-
631 1601 663 1656 n·
675 1606 768 1676 pergit
781 1605 819 1658 cd
832 1603 981 1672 proximem
995 1603 1101 1672 spelun-

113 1707 189 1754 cam,
208 1689 233 1743 si
248 1692 323 1756 sorte
337 1706 365 1760 ec
380 1688 494 1756 uestigio
502 1690 618 1753 ferrent.

140 1811 193 1871 12.
234 1807 365 1870 Praeter
404 1804 608 1892 exceptionis
647 1804 919 1893 significationem
955 1800 1101 1868 formula
1137 1865 1139 1872 .

42 1889 116 1958 nisi
124 1890 223 1979 forte
238 1891 342 1954 utitur
359 1891 405 1964 is,
428 1889 485 2032 gui
502 1889 659 1974 corrigit,
681 1901 769 1954 certe
790 1891 918 1974 mitigat
935 1910 989 1963 eu,
1017 1909 1101 1972 quoe

43 1976 250 2042 indefinitius
267 1985 322 2038 cut
339 1971 423 2036 confi
450 1973 556 2038 entius
580 1972 741 2037 nffirmctn
765 1977 955 2052 videantur,
985 1983 1040 2036 aut
1063 1995 1099 2036 eu

43 2061 88 2125 nd
103 2059 200 2122 uliam
220 2079 365 2127 caussam
383 2055 506 2136 refert,
523 2067 555 2119 et
569 2056 613 2137 is,
636 2059 691 2141 qui
709 2059 749 2122 de
768 2059 861 2122 dictis
879 2057 975 2120 rebus
993 2057 1099 2124 uddu-

42 2146 131 2210 bitut
140 2145 236 2291 pueri
255 2163 315 2228 per
331 2142 600 2226 occupationem,
624 2153 654 2204 01
673 2143 716 2216 is,
748 2143 803 2227 qui
820 2142 969 2206 modeste
988 2154 1099 2205 ceute-

41 2231 113 2295 lcm
164 2250 182 2291 0
209 2249 321 2291 errore
344 2227 463 2290 adiicit.
514 2227 601 2290 Haec
626 2229 754 2313 optime
779 2227 946 2292 constituit
966 2226 1098 2291 Beierus

42 2314 86 2380 nd
104 2313 173 2379 Cic.
189 2314 229 2376 de
247 2309 313 2376 Off.
333 2319 362 2393 1,
376 2317 427 2390 33,
448 2316 519 2376 120.
541 2334 575 2398 p.
590 2311 665 2376 254.

150 2430 208 2487 Cic.
226 2429 260 2483 Ι(10
279 2418 372 2494 0112,
385 2429 428 2494 18,
451 2423 494 2483 iil.
518 2433 674 2500 propensior
696 2430 848 2502 benignitus
870 2449 924 2484 erre
944 2425 1046 2484 debebit
1067 2432 1097 2485 im

114 2518 298 2580 calamitosos,
325 2514 378 2566 nisi
393 2510 472 2584 sorte
486 2522 563 2566 erunt
580 2507 659 2584 digni
673 2517 843 2571 calamitatis.
861 2516 887 2580 1,
902 2514 946 2579 33,
965 2509 1025 2568 1211.
1052 2515 1097 2584 qui

114 2603 203 2671 igitur
214 2601 250 2651 cd
260 2605 374 2652 naturae
387 2614 450 2650 ruue
463 2615 517 2650 uon
531 2599 641 2650 uitiosae
654 2601 889 2668 genus'eonrilium
902 2600 1006 2652 uiuendi
1021 2615 1097 2652 omne

115 2684 272 2746 contulerit,
290 2684 313 2734 is
331 2683 506 2735 constantium
518 2689 678 2734 ‹tenent-*t
715 2684 768 2737 nisi
786 2687 861 2749 sorte
884 2699 912 2734 ee
937 2682 1095 2734 intellexerit

115 2784 217 2820 errasse
242 2767 272 2832 in
290 2767 429 2836 deligendo
452 2781 548 2836 genero
569 2767 648 2819 vitoe.
674 2766 700 2830 1,
723 2767 748 2832 1,
770 2766 796 2818 3.
824 2767 858 2819 ud
873 2767 951 2818 Facu.
968 2765 993 2829 l,
1009 2763 1052 2829 tu,
1068 2764 1094 2818 l.

63 2856 65 2860 ’
114 2853 184 2922 quod
199 2851 291 2903 Hirtio
304 2849 452 2915 invideres,
476 2850 529 2900 nisi
548 2867 605 2902 eum
621 2869 740 2914 umores,
765 2869 819 2904 non
833 2851 1095 2904 000100113εαίπυί-

109 2925 213 2990 dcndir
232 2935 285 2986 nisi
294 2929 372 3002 forte
387 2935 468 3003 ipsius
484 2925 645 3002 elomcentice
661 2935 765 3002 magis,
785 2950 863 3003 quum
876 2937 945 3004 quod
959 2951 1000 2987 me
1015 2934 1094 2986 oudi-

113 3029 171 3083 net,
192 3020 329 3072 invideres.
367 3017 529 3072 Ovidfler.
547 3013 663 3080 21231.
685 3017 755 3068 unde
775 3019 826 3069 tibi
842 3019 927 3084 soror
946 3018 1009 3070 tric?
1033 3018 1094 3071 Nisi

111 3106 183 3176 quod
204 3087 274 3156 ricco
293 3099 372 3172 forte
394 3089 500 3170 reperta
516 3105 570 3163 est,
597 3115 663 3168 quoe
686 3100 777 3167 cupiat
792 3117 905 3170 magnos
919 3099 1009 3155 littero
1024 3099 1093 3156 lecto

112 3191 183 3244 deos.
216 3186 235 3240 1.
259 3204 284 3240 0.
313 3187 368 3240 Sed
388 3203 442 3238 non
465 3185 506 3238 itu
523 3199 671 3252 quaerumc
704 3183 820 3238 ior-turso
842 3183 895 3238 tibi
915 3191 1027 3254 repertu
1051 3191 1094 3240 cst

115 3271 212 3328 littere
228 3277 280 3324 stc.

149 3373 326 3428 cinctoria.
343 3371 427 3437 2,11,
442 3370 485 3426 11.
505 3373 626 3425 accedam
638 3372 676 3424 nd
690 3371 779 3425 omnic
793 3372 854 3436 oin,
876 3375 1022 3444 Torquate:
1039 3375 1092 3429 niri

110 3462 158 3514 utri
182 3457 308 3534 memorio
330 3458 405 3524 forte
434 3451 570 3527 defecerit.
621 3456 664 3510 ltu
691 3455 798 3510 codices
819 3455 930 3528 integri.
971 3459 1022 3512 uu
1039 3457 1093 3513 niti

114 3545 221 3598 reticuli.

129 3661 181 3722 18.
200 3659 315 3727 ‘Verba
339 3653 409 3724 nisi
421 3653 522 3808 'sorte
543 3657 668 3726 ironice
693 3657 891 3742 inserviunt,
924 3677 1027 3746 quum
1049 3655 1089 3739 is,

37 3741 102 3832 qui
127 3739 293 3828 loquitur,
333 3745 494 3832 siguircut
521 3765 580 3818 eo,
619 3747 709 3832 quod
739 3745 879 3810 fortasse
909 3743 1089 3808 contradici

36 3827 171 3929 possit,
194 3851 261 3892 non
277 3828 410 3918 infringi
426 3831 618 3895 sententium
638 3853 728 3896 suum
738 3877 749 3907 ,
766 3832 823 3896 sed
839 3831 1015 3895 absurdum
1033 3840 1088 3893 cut

35 3909 234 3982 rnoredibiie
250 3936 319 3978 esse
334 3913 426 3979 illud.
470 3917 554 3980 Num
571 3915 713 3996 simulat,
734 3940 779 3998 se,
803 3917 863 3980 hcc
877 3937 912 3980 re
928 3937 1088 4002 cumpro·

34 4003 137 4075 butu,
158 4017 226 4061 esse
249 3998 370 4062 nlienue
394 4002 569 4065 sententiae
588 4020 763 4066 cessurum.
809 4000 908 4081 Quod
926 3997 1087 4066 Gesnerus

33 4089 74 4153 in
90 4081 263 4146 Thesauro
288 4087 462 4170 exposuit,
486 4096 518 4148 et
540 4096 617 4174 post
635 4078 710 4151 euni
729 4089 889 4151 Goerenz.
905 4085 946 4150 nd
964 4085 1031 4150 Cic.
1048 4083 1088 4150 de

31 4161 119 4334 Jielgl.
137 4175 167 4252 1,
186 4172 216 4250 1,
231 4173 262 4233 2.
299 4169 405 4234 Beier.
424 4170 464 4234 cd
481 4171 547 4235 Cic.
563 4169 604 4234 de
620 4171 687 4237 Off.
704 4179 733 4254 1,
750 4177 802 4254 33,
822 4177 894 4237 120.
932 4171 1089 4237 Germani

115 4315 124 4334 .
597 4271 611 4282 ⁸*
755 4275 797 4334 17
925 4281 929 4289 '
1048 4268 1050 4276 ¹
