2802 4744
514 414 732 488 Gllldl'l'lilt.
1109 421 1149 492 71

99 561 209 660 88,’8.
255 573 498 664 Compendium
515 573 615 642 breve
637 561 675 640 cc·
688 571 795 645 vele}
822 569 948 656 effecit,
978 557 1017 640 ut¹
1033 553 1147 642 lotum

98 661 296 744 vocabulum
311 659 374 726 ‘ant
397 663 606 727 omitteretur
642 661 705 751 (ol.
728 657 897 726 Drakenb.
929 657 970 724 ad
999 662 1068 727 Liv.
1092 669 1146 740 21,

97 753 151 829 46,
167 749 230 832 8.),
252 757 306 813 001
319 757 583 812 commutaretur
600 767 676 812 cum
691 757 823 812 contra.
839 743 905 811 vid.
920 743 1090 814 Drakenb.
1104 747 1146 814 ad

95 835 167 900 Liv.
190 837 249 911 87,
273 835 333 916 15,
356 836 389 896 7.
432 832 651 916 Oudendorp.
684 830 725 895 ad
752 829 899 896 Frontin.
922 835 961 911 1,
985 831 1024 914 4,
1045 837 1077 897 7.
1105 834 1145 900 ad

97 921 233 986 Sueton.
259 919 330 984 Tit.
347 919 379 981 4.
400 916 441 982 ad
457 917 587 1002 Apulei.
612 916 692 979 Met.
739 919 838 980 ‚lata
887 913 1006 980 Ruald.
1026 915 1145 984 0100-

96 1001 195 1096 depd.
220 1003 262 1070 ad
284 1001 363 1068 libr.
385 1005 418 1065 7.
446 1021 481 1086 p.
498 1001 574 1064 492.
590 1001 665 1066 500.
704 939 844 1088 idterpr.
868 1001 908 1065 ad
931 997 1015 1065 Plin.
1031 1001 1095 1090 Ep.
1111 1010 1144 1084 8,

94 1097 134 1170 9,
152 1093 203 1157 14.
226 1091 265 1168 5,
283 1087 344 1165 14,
361 1087 392 1147 1.
416 1083 626 1164 adQuinetil.
640 1083 720 1148 Inat.
737 1085 775 1166 4,
790 1089 835 1169 2,
851 1089 890 1151 12
906 1095 938 1150 et
955 1090 1007 1151 19.
1024 1097 1145 1155 etcum

21 1169 25 1183 ¹
93 1177 199 1250 citra.
232 1171 288 1238 vd.
317 1167 422 1234 critici
446 1167 487 1234 ad
511 1169 581 1236 Liv.
606 1175 644 1252 1,
668 1173 726 1252 88,
750 1178 779 1236 1.
831 1169 1000 1236 Drakenb.
1026 1170 1066 1237 ad
1090 1179 1143 1250 21,
1162 1195 1175 1220 ·

92 1267 156 1338 88,
173 1263 206 1324 8.
234 1262 293 1335 10,
307 1253 366 1335 25,
383 1255 414 1319 6.
459 1253 565 1344 Saepe
578 1276 766 1346 pronomen
788 1277 863 1322 eram
886 1255 1086 1322 addiderunt
1109 1257 1144 1326 in

87 1343 245 1426 formula
266 1339 391 1404 circum
406 1361 489 1405 0000.
523 1341 577 1408 vd.
595 1342 742 1410 Gronov.
767 1351 799 1410 01
818 1341 989 1412 Drakenb.
1014 1343 1055 1411 ad
1071 1343 1143 1414 Liv.

90 1424 530 1512 26,49,18.0(19,2,7.

444 1671 772 1768 CIRCITER.

117 1905 119 1908 -
174 1859 349 1924 Cmerrnn
375 1855 567 1926 adverbium
596 1869 645 1924 est
679 1880 722 1924 ex
752 1855 912 1926 adiectivo
941 1859 1051 1925 circae
1080 1855 1138 1922 da-

11 1961 12 1966 *
89 1954 275 2034 sumptum,
297 1943 439 2030 ideoque
453 1941 543 2012 idem
559 1943 730 2031 significat,
753 1946 842 2032 quod
858 1947 996 2012 circum.
1038 1944 1137 2009 Cuius

11 2079 12 2096 .
89 2041 167 2095 utus
201 2028 336 2116 vestigia
366 2029 504 2095 nonnisi
539 2031 575 2094 in
610 2029 802 2118 fragmentis
840 2030 1138 2098 vetustissimorum

11 2117 12 2134 ¹
89 2115 290 2205 scriptorum
312 2115 505 2201 reperimus.
562 2115 692 2182 Cassius
721 2116 861 2184 Hemina
885 2115 974 2206 apud
994 2115 1137 2182 Plinium

11 2203 12 2214 ’
89 2203 174 2266 11101.
199 2205 313 2280 0.18,
335 2205 394 2282 18,
410 2205 463 2268 27.
485 2199 639 2300 lapidem
653 2201 767 2290 juisse
835 2203 1016 2283 adratum,
1036 2200 1138 2266 circi·

89 2299 141 2352 ter
171 2287 211 2352 io
238 2284 359 2350 media
383 2307 470 2352 arca
502 2299 650 2353 carectum
675 2227 829 2354 condedi:
879 2307 1136 2376 uaqucversum.

87 2373 139 2438 Ita
153 2374 243 2438 enim
264 2369 346 2436 haee
367 2371 486 2454 verba,
508 2371 599 2458 quod
620 2395 721 2436 nemo
746 2313 992 2452 animadvertit,
1013 2369 1137 2434 intelli-

88 2458 196 2544 genda
211 2467 299 2522 sunt.
342 2456 533 2522 Posteriora
553 2466 708 2542 tempore
731 2457 867 2520 circiter
889 2455 929 2518 ad
951 2465 1082 2538 tempus
1106 2462 1139 2516 et

87 2543 133 2608 ad
149 2560 325 2608 numerum
340 2541 478 2629 proprie
494 2538 708 2604 referebatur.
739 2539 922 2604 Priscianus
940 2539 991 2602 14.
1009 2537 1054 2620 (8,
1071 2534 1138 2620 84.)

11 2649 12 2656 “
87 2654 128 2717 p.
145 2632 218 2693 990.
238 2628 374 2694 circiter
390 2648 468 2692 cero
492 2635 566 2690 tum
580 2623 742 2688 similiter
755 2624 823 2709 περ1
865 2628 1010 2688 0000000.
1023 2620 1139 2708 signi-

11 2723 12 2732 ’
83 2712 198 2804 sicat.
228 2735 328 2801 quum
352 2735 418 2797 pro
446 2712 545 2776 iuxta
575 2708 763 2797 accipitur.-
799 2736 820 2776 0
869 2720 1000 2796 tempus
1023 2717 1139 2774 tamen

11 2847 12 2860 .
87 2799 201 2864 solum
216 2799 387 2886 pertinet,
407 2808 446 2862 ut
467 2796 605 2863 circiter
633 2794 799 2862 calendas
823 2793 964 2862 ianuar.
987 2791 1137 2858 ¹Aleuin.

11 2935 13 2940 -
86 2911 122 2976 p.
154 2887 250 2954 2188.
299 2882 388 2948 Beda
425 2905 460 2970 p.
491 2887 586 2950 2882.
628 2881 718 2950 Flav.
749 2883 857 2973 Caper
889 2903 925 2970 p.
953 2881 1051 2946 2241.
1095 2878 1138 2944 Hi

85 2992 207 3044 omnes
232 2967 514 3057 praepositionem
536 2969 724 3054 nominant.
768 2969 966 3058 Repugnant
988 2960 1147 3030 Sanctius

87 3072 119 3122 et
135 3053 388 3122 Ruddimannus
410 3077 487 3120 cum
511 3053 598 3135 01110,
621 3053 679 3140 qui
699 3051 820 3120 docent
847 3075 916 3118 esse
936 3047 1138 3127 adverbium,

87 3145 140 3210 cui
162 3139 388 3208 subaudienda
417 3137 558 3224 addatur
588 3137 792 3288 praepositio
824 3133 891 3202 od:
926 3153 1137 3222 quaequam

86 3226 229 3296 ablativo
262 3249 332 3309 non
355 3223 538 3292 'conveniat
546 3271 556 3302 ,
590 3223 649 3290 ubi
689 3226 795 3312 egitur
820 3220 956 3286 circiter
982 3213 1137 3296 meridie,

87 3311 285 3380 sententiam
300 3311 463 3397 integram
478 3309 583 3376 videri
599 3309 702 3375 hanc:
723 3311 758 3374 in
773 3305 911 3375 meridie
935 3313 989 3369 ant
1010 3301 1137 3367 circiter

89 3401 127 3465 ad
146 3397 336 3464 meridiem.
377 3399 420 3462 At
435 3419 557 3462 nomen
598 3418 634 3464 er
649 3417 683 3460 00
696 3405 833 3470 constat,
856 3403 889 3456 et
903 3402 1048 3480 tempus,
1069 3410 1135 3476 quo

88 3483 293 3572 0110010111,
314 3503 386 3546 non
407 3483 512 3548 modo
538 3419 705 3568 ablativo,
728 3479 786 3547 sed
815 3489 848 3544 et
868 3477 1051 3544 accusativo
1074 3494 1136 3569 ex-

86 3569 269 3656 primitura
293 3568 390 3634 sicuti
407 3569 522 3634 Graeci
543 3565 657 3632 dicunt
671 3567 727 3651 nir
748 3567 892 3652 101110ον,
917 3565 1059 3646 ἕσπερον,
1081 3557 1136 3624 τὸν

86 3656 212 3742 ὄρθρον.
255 3651 355 3720 (inni.
377 3653 454 3721 Vol.
469 3659 500 3719 1.
523 3676 559 3741 p.
575 3657 651 3720 880.
688 3656 750 3722 Est
777 3653 878 3739 igitur
898 3647 1076 3716 meridiem
1099 3643 1135 3708 id

89 3743 177 3829 quod
213 3737 443 3806 armaridiem.
467 3737 601 3806 Accedit
608 3759 687 3806 vcro
702 3758 780 3828 cum
796 3737 950 3804 adverbio
965 3735 1026 3800 0110
1036 3731 1141 3805 ratim.

88 3847 153 3915 qna
171 3764 220 3908 id,
245 3824 335 3912 quod
350 3825 435 3892 eirea
450 3823 585 3914 aliquod
600 3835 669 3892 tem
694 3835 815 3907 us-csst,
837 3821 878 3888 od
895 3823 1022 3974 ipsum,
1033 3815 1135 3966 ¹'pund

85 3914 293 3996 nominatur,
310 3919 654 4000 tempestamquama
678 3985 680 3994 .
698 3920 852 3978 'centrum
866 3931 904 3974 re
919 3917 1019 3985 artur,
1034 3927 1045 3968 r
1070 3921 1133 3988 qne
1197 3911 1205 3964 ζ

86 3997 272 4064 accusativo
296 3997 363 4063 desi
388 4006 494 4063 natur.
544 3999 629 4064 11100
652 3995 708 4080 fit,
728 4006 780 4072 ¹ut
805 3994 908 4062 verba
927 3992 1047 4058 arctius
1072 4010 1132 4052 00-

86 4082 247 4170 haereant
280 4092 315 4146 et
341 4018 533 4162 adverbium
556 4081 671 4150 induat
711 4073 729 4120 f
754 4081 839 4149 ciem
861 4073 1132 4169 ‘praepositionis

87 4167 260 4260 Significat
287 4165 377 4235 idem
406 4167 498 4257 quod
519 4166 652 4258 ferme,
671 4097 763 4259 fiii·
814 4163 972 4235 Germani
993 4170 1133 4230 utantur

85 4255 273 4326 Verbinum
291 4251 544 4346 etadngefddr.
739 4279 754 4295 ··
781 4272 802 4314 u
961 4251 977 4258 ”
1162 4281 1164 4286 v
