2782 4730
292 381 357 446 ⁶98
679 365 931 438 ETIAMTVM.

377 535 411 598 2.
434 526 487 592 Sic
502 527 600 592 etism
614 526 650 591 in
663 533 831 590 contracte
856 522 1007 587 oratione
1032 522 1231 610 componitur
1248 543 1305 588 cun

296 614 477 708 participiis
500 622 532 677 et
551 612 732 690 adiectiris,
758 620 790 674 et
806 629 884 674 cum
900 609 1046 674 oblativis
1064 607 1224 673 absolutis.
1250 647 1255 656 ·

400 735 458 788 cte.
472 732 502 784 in
517 731 598 785 Gstil.
610 732 637 796 2,
648 731 674 795 2,
684 728 710 782 4.
728 745 807 800 quom
823 729 952 794 uiderem,
972 745 1006 782 ne
1019 731 1092 782 volu
1101 731 1199 799 quidem
1213 727 1306 780 amnites

365 838 395 875 re
407 820 544 872 etiamtum
554 818 686 885 prolata,
703 815 727 866 si
741 815 816 867 illum
830 841 866 854 -
878 820 961 868 morte
975 814 1140 881 multonem,
1150 817 1221 881 jore,
1234 811 1306 864 utrius

367 906 450 960 socios
462 929 497 941 -
512 901 635 972 persequi
650 917 704 952 non
719 915 830 968 possem

402 1005 512 1059 Sallust.
528 1004 589 1073 lug.
607 1003 652 1068 tu,
674 1001 700 1054 4.
724 1001 829 1070 trepida
843 1000 978 1053 etiamtum
994 973 1108 1056 ciditate.
1136 999 1177 1067 21,
1193 1000 1216 1053 2.
1238 997 1306 1051 'lucit

366 1091 435 1146 Ann-
455 1089 480 1154 1,
505 1086 548 1142 49.
577 1096 661 1142 truces
683 1087 819 1140 etiamtum
843 1087 946 1139 animos
968 1087 1063 1157 cupido
1084 1087 1184 1140 involat
1205 1085 1271 1138 cradi
1287 1083 1307 1134 in

367 1176 473 1230 ltostem.

403 1273 511 1346 Apulei.
525 1274 591 1326 Met.
609 1271 650 1325 19.
671 1290 697 1341 p.
713 1269 774 1342 239,
788 1269 832 1326 rt.
866 1271 967 1326 iuuenis
988 1272 1055 1326 nitri
1078 1275 1214 1328 etiamtunc
1230 1270 1306 1340 septu

366 1363 514 1430 suspicatus
534 1357 669 1411 summisso
692 1359 769 1412 uultu
790 1363 872 1430 rogat
887 1359 956 1412 ultro
967 1361 1117 1428 praesentis
1131 1375 1228 1414 comeus
1241 1354 1307 1426 aegri·

372 1445 484 1501 tudinis.

402 1545 495 1600 Tacit.
509 1545 576 1598 Anu.
591 1543 617 1607 2,
637 1541 680 1596 52.
707 1542 800 1596 ualido
821 1559 853 1595 eo
875 1560 941 1614 gens
963 1552 988 1598 ct
1010 1547 1213 1602 solicitudinibus
1226 1541 1307 1610 Asritct

365 1631 534 1703 propinqua,
549 1629 621 1680 num
637 1629 771 1680 etiamtum
779 1629 883 1680 urbiam
892 1631 963 1689 cultu
970 1630 1036 1698 cepit
1045 1649 1131 1685 orma.
1139 1631 1164 1695 9,
1171 1630 1210 1683 22.
1224 1629 1307 1680 Sueten.
1345 1671 1346 1696 i

368 1717 404 1768 de
418 1716 539 1768 Gramm.
557 1712 583 1765 1.
606 1713 668 1766 rudi
681 1713 778 1765 scilicet
793 1729 824 1763 oc
839 1709 959 1764 bellicoso
974 1715 1110 1766 etiamtum
1127 1717 1231 1768 ciuitate.
1345 1705 1346 1768 l

298 1837 302 1842 ’
384 1822 418 1884 3.
449 1807 634 1880 Sed'etiam
663 1814 697 1877 in
721 1812 760 1878 iis
783 1813 949 1878 sententiis
978 1814 1092 1880 locum
1116 1816 1225 1898 hebet,
1249 1830 1307 1898 quos
1345 1837 1346 1844 ¹

300 1906 391 1992 ipsus
406 1912 536 1987 tempus
549 1898 717 1984 designant
734 1899 964 1962 coniunctione
980 1903 1175 1988 temporali,
1194 1911 1227 1964 ut
1241 1899 1306 1962 dien·

300 2001 356 2053 tur
391 2009 471 2050 uum
486 1986 683 2066 etiamtum,
708 1985 762 2050 ubi
777 2006 859 2067 nos,
879 1985 1002 2050 omisso
1020 1985 1174 2072 domolo,
1202 1985 1307 2050 dicimus

302 2012 405 2158 uoci,
427 2074 449 2137 i.
471 2091 499 2134 e.
524 2071 576 2135 uls
591 2072 686 2135 noclt.

404 2172 583 2242 Sallustlng.
592 2171 669 2237 51,2.
688 2173 777 2242 itaque
791 2174 901 2232 metitum
914 2172 1141 2240 disprocesserat,
1157 2189 1229 2244 quum
1240 2167 1306 2222 nua-

310 2266 314 2278 “
369 2267 428 2315 tum
450 2266 554 2312 eventus
570 2259 599 2310 in
620 2258 718 2317 ineerta
738 2265 803 2311 erat.
839 2256 897 2310 cte.
913 2257 990 2309 Vcrr.
1009 2256 1035 2320 2,
1054 2256 1097 2323 49,
1117 2259 1158 2312 st.
1183 2249 1305 2310 seniontad

368 2347 448 2399 Mam
463 2343 594 2396 domestici
606 2344 708 2408 nuntii,
734 2344 884 2410 litterasque
899 2360 917 2395 o
929 2348 1009 2410 putre
1021 2345 1139 2410 afferunt
1153 2350 1211 2394 ants
1227 2339 1266 2392 cal.
1276 2337 1306 2387 dc·

368 2430 497 2491 cumiret,
517 2444 595 2495 quum
607 2429 652 2480 isti
665 2423 802 2481 etiamtum
816 2429 848 2479 de
859 2427 968 2480 Sthenio
981 2426 1009 2476 ia
1024 2426 1129 2498 integro
1145 2435 1199 2478 tota
1211 2441 1246 2476 res
1257 2425 1305 2472 esst·

368 2513 395 2580 5,
411 2513 455 2578 34,
477 2510 520 2564 88.
543 2513 661 2565 evolarat
683 2513 738 2564 inm
760 2529 781 2583 e,
797 2518 934 2580 conspectu
947 2513 1007 2576 sere
1025 2513 1139 2580 fugiens
1162 2501 1306 2579 quadrienni,

370 2616 450 2668 quamn
466 2593 604 2649 etiamtum
619 2599 718 2650 ceteru'e
731 2613 811 2650 naues
824 2613 871 2650 suo
886 2596 915 2647 in
928 2597 983 2648 loco
997 2596 1180 2650 moliebantur.

384 2699 416 2763 4.
438 2697 496 2762 His
514 2707 652 2783 cognata
669 2709 745 2762 sunt
761 2721 817 2781 sa,
844 2698 880 2764 in
898 2695 1015 2785 quibus
1032 2697 1073 2762 de
1088 2697 1233 2785 reliquis,
1251 2705 1306 2778 qttt

303 2784 542 2874 superfuerint,
564 2783 680 2868 agitur.
870 2791 871 2796 ’
1343 2769 1344 2852 l

406 2883 496 2937 Tacit.
510 2883 579 2936 Anu.
594 2883 637 2949 lt,
655 2881 696 2936 18.
724 2884 832 2936 nomina
849 2886 874 2936 et
887 2883 996 2940 uirtutes
1010 2885 1152 2952 nobilium,
1177 2881 1219 2956 qui
1238 2875 1305 2935 ttitfl·

368 2978 424 3025 tum
441 2975 610 3039 supererant,
630 2969 659 3020 in
676 2955 773 3022 trinorc
790 2969 895 3022 latere.

385 3073 417 3138 5.
445 3071 509 3136 Sed
525 3093 621 3158 saepe
636 3071 669 3136 in
687 3069 748 3134 hoc
768 3092 845 3136 voce
868 3093 937 3136 non
960 3079 1029 3136 tom
1049 3072 1190 3138 mutatio
1211 3067 1254 3136 vel
1269 3083 1306 3128 rt·

300 3155 419 3238 motio,
438 3179 520 3244 quoe
532 3167 646 3243 postes
658 3157 813 3232 evenerit,
829 3179 928 3244 quom
946 3147 1143 3245 perpetuitas
1158 3157 1205 3223 vel
1219 3169 1307 3235 sequt-

300 3242 374 3306 litos
389 3243 438 3308 rei
454 3252 637 3331 spectatur,
668 3242 850 3328 diciturque
873 3266 923 3309 res
942 3254 1100 3330 perpetuo
1120 3245 1164 3308 itu
1185 3265 1216 3306 se
1231 3235 1306 3302 hebu-

300 3327 379 3409 isse,
405 3339 544 3392 autnon
562 3327 689 3415 longius
706 3329 920 3414 processisse,
950 3339 1004 3391 sut
1026 3329 1182 3394 nondum'
1199 3323 1306 3390 desiisse·

299 3412 338 3478 td
353 3415 452 3480 sensit
470 3413 656 3492 Ernestius,
688 3423 720 3477 et
738 3424 773 3476 ut
788 3413 876 3478 huuc
892 3435 1022 3478 sensum
1041 3416 1147 3480 verbis
1173 3408 1306 3498 exprimt·

299 3507 367 3577 ret,
395 3498 605 3563 scribendum
629 3498 825 3564 existimavit
845 3495 880 3565 in*
904 3501 1039 3565 Sueten.
1055 3502 1157 3587 Colig.
1175 3503 1222 3563 10.
1243 3502 1268 3558 el
1284 3505 1307 3550 nt

300 3583 407 3649 Tucit.
428 3586 505 3670 Agr.
522 3589 574 3648 39.
599 3584 796 3650 etiamnum.

405 3685 462 3739 cuc.
484 3685 519 3737 us
540 3687 616 3740 orae
639 3686 665 3751 e,
688 3687 731 3751 22,
751 3687 793 3740 se.
829 3703 916 3740 mne
939 3665 1078 3740 ettonem
1094 3687 1239 3740 :ermom
1255 3676 1306 3729 un
1339 3679 1340 3696 ¹

365 3771 462 3826 Pericli
483 3789 599 3836 succum,
632 3773 678 3824 sed
699 3779 775 3824 erunt
799 3772 891 3839 paullo
911 3773 1030 3825 uberiore
1044 3774 1104 3840 filo.
1145 3768 1221 3823 nect
1239 3762 1260 3826 3,
1278 3753 1305 3807 1¹·

369 3857 459 3920 auffert
473 3871 530 3906 eam
544 3856 720 3921 viriditatem,
745 3857 774 3907 in
796 3874 848 3923 qua
869 3857 1010 3908 etiamtunc
1026 3857 1112 3926 Scipio
1126 3864 1194 3908 erat.
1226 3843 1307 3904 Sallust
1338 3911 1339 3918 ἵ

298 3999 301 4013 1
365 3938 426 4006 lug.
450 3938 492 4003 21,
513 3938 539 3992 2.
566 3941 612 3991 uti
630 3941 783 4011 plerumque
804 3940 885 3992 noctis
906 3942 1047 4008 processit,
1077 3942 1183 3993 obscuro
1203 3935 1307 3990 atauo·

366 4022 464 4074 lumine
478 4022 573 4076 milites
588 4025 753 4096 iugurthini,
772 4025 850 4095 signo
865 4024 945 4089 dato,
971 4034 1059 4079 castra
1074 4027 1187 4080 lsostiam
1199 4009 1307 4073 tutatust·

367 4105 459 4159 Tacit.
473 4107 540 4160 Anu.
556 4108 581 4174 1,
597 4105 639 4162 59.
661 4110 752 4162 stratis
768 4111 906 4162 etiamtum
920 4127 968 4178 pes·
984 4111 1079 4166 cistilio
1093 4115 1245 4182 propterque
1256 4107 1307 4151 W

366 4205 426 4256 sas,
444 4192 516 4246 nullo
529 4199 614 4259 metm
633 4211 686 4248 non
701 4197 854 4267 antepositis
867 4195 974 4268 uigiliis.
1223 4184 1225 4192 ’

433 4303 439 4334 l
