2782 4730
539 369 737 440 ernust.
1058 411 1065 416 -
1103 375 1189 443 ιιι

192 533 271 588 cto.
287 529 321 584 de
338 527 453 594 Orel.,1
469 523 513 593 H,
521 524 564 581 19.
584 531 677 597 quibus
692 527 798 581 etiamsi
813 526 968 599 ingenium,
987 535 1018 583 ut
1032 536 1063 583 tu
1075 539 1166 601 putas,

173 639 228 672 non
234 591 366 672 manime
388 607 491 681 defuit,
523 614 647 666 doctrina
673 621 741 667 certe
763 621 789 667 et
810 615 893 670 olium
914 623 940 668 et
961 617 1065 684 hercule
1085 618 1174 670 etiam«

173 707 293 760 studium
307 704 376 755 illurl
394 700 512 753 discendi
528 700 686 751 acerrimum
703 699 798 764 defuit.

211 807 270 860 eie.
287 806 322 858 de
339 807 401 872 Opt.
411 821 473 873 gen.
484 803 509 855 d.
519 802 545 866 2,
554 799 580 853 9.
601 803 708 854 etiamsi
721 808 760 854 est
772 802 802 852 in
817 818 915 871 genere
928 804 1079 869 tolerabili,
1099 812 1168 860 certe
1194 863 1196 876 ,

172 901 275 946 nonest
290 894 319 943 in
334 891 441 949 outimo.
471 906 497 956 p.
517 888 593 940 (lael.
608 887 652 952 29,
667 885 712 940 69.
736 877 978 951 63991315.
999 890 1169 958 apudquem
1254 933 1258 942 .

176 963 314 1047 (patrem)
333 975 439 1028 etiamsi
452 974 567 1052 caritate
583 976 710 1039 a'srotre
732 972 834 1022 maiore
854 972 962 1038 vinear,
987 975 1171 1046 misericordia

172 1071 243 1115 eerte
263 1079 322 1113 reus
344 1060 415 1127 vinei
429 1059 485 1110 ‘non
508 1058 595 1109 debeo.
629 1056 663 1108 de
682 1057 759 1110 Orat.
777 1056 804 1121 2,
819 1054 861 1122 54,
880 1056 940 1109 216.
968 1060 1057 1112 suauis
1080 1067 1119 1111 est
1133 1087 1168 1098 -

107 1203 109 1213 ,
173 1148 245 1198 iocus
262 1152 287 1197 et
295 1145 431 1210 facetiae:
457 1147 543 1212 lune,
565 1142 670 1194 etiamsi
693 1144 751 1196 aliu
772 1139 862 1194 omnio
885 1143 961 1194 tradi
975 1151 1033 1194 orte
1046 1151 1167 1213 possunt,

172 1237 297 1283 nnturoe'
307 1235 369 1280 sunt
382 1229 495 1297 propria
511 1234 599 1293 sorte,
618 1245 700 1295 neque
716 1228 801 1280 ullam
817 1235 902 1280 artem
919 1228 1080 1281 desiderant.
1108 1273 1112 1290 ,
1133 1277 1134 1280 ,

209 1331 308 1384 Senes.
325 1331 405 1383 Cous.
422 1319 456 1384 all
471 1333 554 1383 Holv.
570 1328 637 1395 1,1‚
662 1349 742 1399 quum
758 1331 968 1394 lacrimantium,
985 1332 1090 1384 etiamsi
1104 1348 1168 1400 sup·
1238 1353 1240 1363 ¹

116 1399 120 1415 ⁹
170 1417 287 1487 primere
301 1434 355 1467 non
370 1418 528 1484 potuissem,
549 1415 655 1467 interim
671 1415 739 1468 certe
754 1417 941 1469 abstersissem.
969 1414 1003 1467 de
1016 1416 1095 1482 Iru,3,
1104 1416 1130 1481 l,
1138 1415 1165 1470 3.

147 1549 149 1552 .
173 1503 266 1556 esteris
286 1502 391 1553 etiamsi
412 1501 532 1554 resistere
554 1507 647 1553 eontra
669 1503 781 1569 affectus
804 1519 865 1556 suos
887 1503 1032 1566 nonlicet,
1055 1509 1084 1554 at
1099 1493 1168 1556 e'erte

152 1657 155 1664 Ι
172 1589 312 1658 affectibus
326 1587 391 1654 ipsis
410 1586 471 1638 licet
485 1593 565 1641 stare.

106 1695 108 1699 “
207 1691 328 1744 Trebon.
340 1689 374 1740 nd
383 1689 440 1740 cio.
449 1687 535 1754 Epist.
544 1687 586 1752 12,
596 1686 639 1752 16,
649 1687 692 1742 11.
718 1706 797 1758 quum
813 1690 919 1744 etiamsi
931 1691 993 1743 odio
1006 1677 1071 1759 pori
1079 1691 1169 1758 suerit
1214 1758 1216 1766 s

157 1775 201 1836 ,in
217 1792 276 1839 eos,
302 1792 365 1843 quos
380 1773 472 1837 laesit,
497 1779 586 1824 tomen
601 1781 736 1828 sertenon
750 1776 841 1846 mugio
861 1777 1111 1848 dignoelonluerit,
1138 1777 1169 1830 in
1248 1769 1251 1778 ’

170 1878 234 1930 onos
249 1867 329 1943 tanto
345 1857 467 1910 libertate
483 1859 622 1911 uerborum
636 1861 793 1913 incurreret.

205 1977 267 2030 Ῑιίι.
275 1976 318 2041 26,
326 1975 371 2040 46,
380 1975 424 2028 ll.
442 1984 573 2042 aeterum,
591 1978 698 2030 etiamsi
710 1979 750 2029 uis
766 1978 853 2042 obsit,
870 1978 1043 2033 nihilominus
1053 1982 1168 2036 detesta-

169 2063 348 2130 bilioremplo
365 2079 423 2128 rem
441 2062 499 2131 agi
512 2060 661 2129 leion.
652 2079 681 2112 ιιι
696 2061 806 2130 Dignst.
823 2062 867 2127 23,
883 2061 909 2128 3,
925 2062 968 2115 19.
993 2066 1099 2117 etiamsi
1119 2065 1187 2119 alii-

172 2148 246 2200 iussu
261 2147 355 2199 mariti
372 2148 419 2198 dos
434 2147 526 2210 detur,
556 2148 641 2200 nilsito
654 2147 742 2199 minus
756 2149 870 2202 meriton
893 2150 927 2200 de
945 2150 1005 2203 dote
1021 2151 1169 2230 obligatur.
1238 2165 1239 2170 ’

174 2231 288 2286 Terent.
308 2228 492 2296 Clemens35,
508 2230 535 2297 1,
549 2229 593 2284 62.

210 2350 365 2406 Africam'
357 2369 386 2403 ιιι
408 2345 515 2420 niglu.
531 2350 574 2418 47,
598 2351 625 2415 2,
648 2349 691 2405 63.
716 2343 748 2428 ιιι
768 2322 873 2406 etiamsi
894 2351 1100 2423 ignoraveritis‚
1123 2354 1169 2423 qui

137 2454 140 2458 ·
172 2445 273 2490 eertum
286 2439 417 2490 hominem
433 2438 484 2489 emi
500 2438 687 2502 mandauerit,
698 2441 791 2504 furem
805 2453 873 2502 esse,
888 2439 1061 2491 nihilominus
1074 2438 1168 2492 lamen
1240 2437 1250 2452 “

173 2524 303 2575 domnum
327 2524 446 2574 decidere
469 2530 591 2592 cogetur,
627 2523 729 2576 Boeth.
756 2523 790 2574 de
808 2524 916 2576 consol.
934 2524 980 2593 ph.
1002 2522 1028 2576 5,
1053 2539 1126 2592 pros.
1141 2522 1168 2577 3.

174 2623 239 2658 nom
256 2607 361 2658 etiamsi
382 2608 495 2674 ideireo,
529 2609 775 2682 quoniomyfutura
792 2616 868 2673 sunt,
898 2610 1090 2680 prouidentur:
1115 2625 1169 2660 uon
1224 2596 1227 2610 ¹

177 2706 239 2742 uero
253 2691 330 2755 ideo,
356 2694 483 2759 qoniam
504 2695 697 2762 prouidentur,
718 2693 857 2745 eveniunt:
886 2694 1061 2746 nihilominus
1076 2701 1170 2746 tamen

177 2775 244 2826 adeo
260 2775 301 2826 oet
316 2784 429 2830 venturo
439 2779 579 2846 prouideri
591 2781 633 2832 oet
644 2779 756 2850 prouisa
771 2779 875 2830 euenire
889 2796 992 2831 neeesse
1005 2785 1052 2832 ert.

192 2913 223 2976 8.
257 2913 476 3004 contrahitur
500 2916 641 3012 oratio,
680 2925 719 2980 ut
750 2915 882 3003 omisso
921 2914 1023 2984 verbo
1062 2935 1167 2983 unum

103 3017 231 3063 nomen
254 3019 329 3062 oum
351 2989 507 3064 etiamsi
509 3003 685 3089 coniungat
689 3023 738 3066 ur.

211 3116 306 3185 Glenp
318 3079 465 3184 906138.
484 3122 563 3175 Oret.
575 3121 685 3188 39,112
705 3119 817 3175 ιι1,ιι..6
836 3068 1001 3188 Quinelill.
1011 3119 1167 3189 prooemml
1251 3129 1253 3134 '

175 3205 310 3256 nullom
299 3205 404 3274 engenii
418 3215 555 3274 sperantes
569 3209 692 3278 gratiam
708 3208 780 3260 eirea
795 3223 854 3270 res,
874 3208 980 3259 etiamsi
997 3209 1167 3272 necessariae,
1223 3247 1225 3252 ,

171 3291 266 3361 procul
281 3297 372 3342 tamen
387 3290 420 3342 ab
438 3294 614 3344 ostentatione
627 3293 735 3360 positos.
753 3291 779 3357 5,
792 3293 836 3357 12,
845 3291 870 3345 5.
890 3293 1001 3360 singulo
1017 3293 1088 3345 levio
1106 3301 1169 3346 runt

175 3383 202 3429 et
220 3376 387 3430 eommunia.-
423 3377 555 3428 universo
568 3393 630 3428 uero
654 3367 760 3443 ualent,
778 3379 899 3431 ,etiamsi
920 3383 973 3434 no‘n
994 3384 1025 3428 ut
1042 3378 1167 3443 fulmine,
1241 3393 1244 3404 ·

173 3469 267 3515 tamen
285 3469 316 3514 ut
334 3461 479 3532 grandine.
514 3459 659 3526 5,19,13.
687 3481 754 3532 quoe
773 3464 962 3533 persuasione,
988 3461 1095 3512 etiamsi
1114 3478 1168 3513 non
1242 3513 1243 3520 ,

6 3597 10 3606 ,
103 3592 106 3601 s
175 3551 296 3601 omnium
311 3549 463 3613 hominum,
491 3548 547 3604 eius
567 3555 658 3600 tamen
680 3548 796 3600 ciuitatis
817 3556 864 3601 aut
880 3547 985 3618 geniis,
1011 3543 1040 3598 in
1057 3563 1111 3616 qua
1126 3563 1168 3600 ree

176 3634 279 3701 agitur,
301 3633 332 3684 in
347 3651 432 3704 mores
449 3639 641 3702 receptarunt.
667 3631 799 3698 Quinctil.
814 3627 840 3698 5,
856 3631 899 3698 19,
914 3628 939 3684 4.
959 3632 1015 3685 vid.
1031 3650 1059 3684 ιι.
1071 3631 1098 3685 6.
1139 3632 1170 3690 'x

190 3769 222 3830 9.
254 3768 435 3836 Invertitur
468 3770 596 3846 oratio,
644 3788 749 3855 quum
783 3777 900 3832 tamen
930 3768 1099 3868 praecedit
1137 3778 1170 3834 et
1264 3809 1267 3815 -

106 3847 248 3914 etiamsi
277 3875 355 3918 cum
383 3879 443 3922 sua
475 3853 638 3926 sententio
668 3855 721 3930 vel
755 3851 905 3919 adiicitur
932 3857 985 3922 vel
1014 3858 1169 3943 interpo-

103 3936 206 4000 nitur.

213 4051 424 4134 cie.1m'el.2l,
441 4059 503 4114 199.
529 4077 625 4114 umere
647 4064 737 4120 autem
760 4059 829 4114 nihil
852 4059 928 4113 aliud
944 4065 999 4124 est,
1034 4058 1087 4110 nisi
1108 4075 1168 4111 eum

175 4138 262 4210 ipsam
280 4142 409 4214 diligere,
446 4163 521 4214 quem
545 4164 632 4211 omes,
662 4149 740 4199 nulla
763 4145 929 4213 indigentia,
957 4145 1034 4195 nulla
1051 4145 1169 4195 utilitate

87 4271 90 4276 .
174 4228 314 4296 quaesitos
331 4247 398 4300 quae
414 4237 505 4288 tamen
517 4231 578 4304 ipsa
593 4231 735 4301 efflorescit
750 4247 783 4286 ee
797 4227 927 4292 amicitia,
946 4229 1051 4280 etiamsi
1065 4234 1095 4282 tu
1109 4233 1168 4281 eam
