2802 4732
393 360 396 380 ”
477 449 481 455 .
554 400 706 471 nunu
760 487 764 498 .
988 481 999 496 Ἢ
1081 415 1145 486 557

83 582 155 628 non
170 557 369 635 necessaris,
401 557 458 622 sed
476 540 635 641 fortuita,
664 556 773 623 Latini
794 571 927 646 ponunt
946 570 1144 652 criterium,

85 649 271 715 ueletiam.
314 644 398 709 Vide
414 643 516 711 Tom.
535 642 561 708 Ι.
586 668 622 733 p.
640 643 725 710 555.»
759 643 824 710 Sed
847 657 961 734 potest
982 656 1055 741 ipsa
1077 680 1144 735 res,
1195 725 1198 740 1
1305 659 1314 672 ,

85 755 171 818 quae
188 733 336 808 additur,
376 731 487 796 maior
505 751 593 813 esse,
622 729 650 794 si
675 729 780 794 modo
805 744 977 818 practerea
1000 742 1144 830 accedat.¹
1199 817 1200 824 ἵ
1297 813 1301 820 ,

85 820 223 908 Saepius
239 829 352 883 tam-en
368 815 407 880 fit
424 816 600 882 descensus
621 839 640 880 a
654 815 782 882 maiore
798 819 838 882 ad
853 819 976 887 minus.

188 939 247 993 Cic.
267 937 403 992 Paradox.
418 936 445 1002 6,
463 938 489 991 1.
514 938 632 992 satiatos
647 941 687 991 est
701 944 750 992 aot
766 945 902 995 contentas
917 943 999 997 etiam
1013 939 1157 1016 pcucoioe'
1201 966 1203 970 ·

153 1025 284 1089 concedo,
302 1025 375 1076 diues
392 1039 426 1076 or.
708 1031 710 1034 '

186 1126 245 1180 (iic.
264 1125 298 1177 de
316 1125 395 1190 Orat,
420 1122 455 1188 1,
476 1123 527 1190 38,
549 1123 611 1176 174.
637 1123 832 1194 quinqueremes
853 1134 902 1184 out
923 1132 1005 1185 etium
1028 1127 1145 1190 maiores

149 1213 306 1285 gnbernare
321 1208 453 1260 didicisse.
479 1207 506 1272 2,
520 1197 590 1272 m.
613 1208 670 1273 Quo
692 1211 772 1263 etiam
789 1213 848 1277 seci
870 1215 1008 1282 libentius,
1033 1226 1064 1272 ot
1084 1237 1145 1274 eum

152 1311 300 1348 emmonem
316 1321 352 1333 -
373 1291 531 1344 mandarem
554 1292 666 1358 litteris,
681 1296 723 1346 vel
743 1301 774 1347 ut
793 1297 851 1349 illo-
865 1299 954 1368 opinio
978 1326 1013 1340 ·-·
1037 1305 1145 1360 tollere-

151 1385 199 1432 tur
216 1406 268 1441 -,
286 1375 329 1429 voi
342 1376 488 1429 mehercule
498 1375 581 1454 ¹ett'ouc
597 1384 628 1430 ut
644 1379 751 1438 leodem
764 1396 857 1434 eorum
874 1408 910 1421 ·-
926 1385 1098 1442 uindicarem.
1138 1371 1150 1386 ῃ

169 1528 224 1590 26.
245 1523 313 1588 Vix
334 1545 460 1612 operae
473 1523 621 1608 pretium
642 1535 692 1592 est
713 1527 859 1615 refutare
877 1551 993 1596 eorum
1010 1534 1145 1621 opinio-

84 1634 184 1692 nem,
207 1611 265 1696 qui
281 1611 317 1673 in
334 1610 448 1675 multis
460 1609 660 1676 dictionibus
674 1614 781 1679 etiam
796 1615 964 1682 abundare
978 1618 1147 1703 dixerunt,

85 1698 187 1764 veluti
202 1696 239 1760 in
258 1696 454 1846 compositis
469 1697 578 1765 verbis
600 1709 674 1762 tum
690 1736 734 1749 -
749 1711 822 1764 tum
837 1703 962 1785 etiam,
983 1727 1086 1792 qrttrm
1100 1741 1145 1764 .-

83 1783 295 1850 tumetium.
354 1806 376 1846 n
391 1781 443 1847 his
462 1785 552 1848 enim
574 1784 789 1871 inaequabilis
804 1789 888 1854 ratio
904 1810 1020 1854 rerum
1038 1790 1145 1857 colla·

82 1881 212 1948 terum,
236 1879 269 1932 et
287 1866 462 1954 quomodo
484 1870 584 1934 altera
602 1872 762 1958 peculiari
780 1872 1007 1959 designatione
1024 1877 1144 1943 effera-

82 1967 158 2034 tur,
185 1952 281 2018 facilc
308 1954 519 2042 intelligitur:
559 1955 682 2020 inillis
708 1979 786 2022 vcro
816 1958 901 2024 duae
930 1984 983 2026 res
1014 1964 1144 2050 aequali

82 2039 220 2129 quidem
245 2040 377 2105 ratione
412 2038 639 2122 collocantur,
677 2041 780 2107 altera
808 2053 921 2111 tamen
953 2041 1144 2134 designatur

82 2127 312 2212 singulariter,
334 2136 372 2192 ut
385 2126 457 2212 ipsa
481 2124 534 2190 vel
556 2125 665 2192 maior
689 2128 741 2195 vel
761 2128 877 2196 minor
900 2145 1056 2221 appareat
1080 2157 1145 2202 ex·
1259 2147 1261 2156 ‘

81 2213 255 2278 trinsecus.
350 2259 352 2267 a
462 2221 478 2244 ‘
1154 2249 1157 2256 s

187 2333 323 2403 Exempla
337 2329 401 2386 vido
417 2329 447 2386 in
463 2342 540 2397 rvvu
553 2335 582 2386 ot
599 2330 629 2387 in
643 2347 712 2388 rvr.

167 2488 209 2554 ll.
245 2494 276 2555 1.
294 2486 353 2576 ¹Ex
366 2485 438 2569 his,
462 2481 777 2576 quaedeprimaria
798 2483 1034 2578 significatione
1052 2493 1147 2560 dixi..
1222 2503 1224 2507 ’

80 2595 169 2658 mus,
188 2574 285 2640 facile
302 2572 480 2660 colligitur,
498 2572 671 2661 quomodo
689 2595 816 2663 quoque
833 2585 865 2641 et
880 2577 1090 2652 etiominter
1105 2603 1141 2644 se

83 2657 248 2727 differant.
305 2661 377 2724 Hoc
408 2661 505 2724 enim·
529 2660 669 2747 proprie
707 2664 778 2723 non
807 2660 927 2727 dieitur
961 2664 1003 2729 de
1039 2665 1140 2731 rebus

81 2747 280 2834 aequandis,
303 2747 370 2811 sive
386 2744 426 2810 de
442 2769 479 2811 re
494 2745 538 2809 ob
555 2745 783 2834 aequalitatem
805 2768 882 2812 cum
907 2749 970 2814 clia
995 2773 1141 2902 compo·
1232 2771 1235 2781 ¹

78 2832 208 2914 nendo,
232 2855 294 2896 nec
310 2829 470 2916 significat
490 2833 592 2916 itero,
614 2829 834 2920 gleicdfulls‚
855 2832 1029 2924 ebeofolls.
1098 2836 1140 2902 ed

13 2997 14 3000 Ἴ
78 2929 120 2982 ut
134 2917 200 2998 hoc
217 2917 422 3003 designetur,
447 2917 567 2982 dicitur
583 2928 726 3005 quoque,
754 2929 787 2982 et
801 2917 859 2982 ubi
875 2921 1009 3008 aequale
1025 2923 1139 2988 adiici·
1174 2989 1177 2996 ,

79 3015 156 3084 tur,
186 3003 292 3067 etiam
309 3025 436 3090 quoque
459 3005 528 3067 sive
553 3025 680 3090 quoque
704 3003 822 3068 etium.
866 3005 971 3094 quue
991 3010 1061 3094 ipse
1080 3010 1149 3076 Gis

79 3111 159 3155 cero
175 3099 323 3174 usurpat.
368 3087 421 3152 (tf.
440 3089 533 3152 Cort.
552 3087 594 3151 sd
609 3087 692 3152 Ptin.
710 3089 815 3174 Epist.
832 3090 865 3172 5,
882 3095 913 3173 6,
929 3099 983 3158 32.
1001 3095 1138 3159 etLon-
1188 3105 1189 3112 ’

78 3175 151 3264 gol.
168 3175 208 3238 ad
228 3179 278 3252 10,
294 3178 346 3254 97,
362 3179 392 3239 6.
434 3173 474 3237 In
490 3173 598 3240 etium
611 3174 697 3238 inest
712 3173 972 3246 vel'accessionis
995 3178 1047 3244 vol
1064 3203 1139 3245 um*
1164 3171 1166 3176 ⁵
1239 3220 1241 3224 -

13 3335 15 3340 ,
75 3258 479 3360 plificationisindicium.
520 3257 610 3357 Nape
626 3269 664 3322 ut
669 3257 807 3410 proque
826 3273 875 3325 est
888 3262 1008 3360 eodem
1023 3265 1138 3348 modo,
1244 3308 1246 3312 -

77 3358 127 3414 ltu
143 3348 249 3422 etiam
264 3337 427 3432 significat
442 3367 510 3410 nou
534 3366 648 3408 minus
693 3367 732 3408 oc
756 3369 860 3432 quam
880 3347 978 3413 illuct.
1021 3349 1147 3434 Poste-1

76 3435 170 3500 riore
186 3435 290 3500 aelate
304 3441 417 3497 tamen
441 3419 576 3518 quidam
593 3433 770 3528 scriptores
794 3434 902 3499 etiam
923 3455 987 3522 pro
1010 3458 1138 3526 quoque

76 3528 266 3608 posuerunt
280 3527 361 3606 post
384 3538 509 3581 nomen
535 3515 793 3585 substantivume
817 3525 850 3584 et
871 3513 1013 3587 fortasse
1037 3525 1138 3590 etiam
1177 3552 1187 3566 ··
1226 3542 1227 3545 ’

76 3605 284 3692 antiquiores
299 3603 482 3683 interdurn.
512 3597 578 3666 vid.
593 3597 620 3683 I,
638 3607 689 3668 10.

181 3721 338 3776 Discrimcn
353 3727 470 3792 apparet
485 3716 515 3773 in
530 3720 575 3774 his
599 3719 656 3773 Cic.
672 3718 755 3773 Tusc.
772 3719 878 3787 4‚1,3.
900 3722 964 3793 quio
985 3723 1066 3782 etiam
1088 3745 1136 3782 or-

148 3807 247 3872 bitror‚
263 3815 374 3877 propter
396 3808 626 3876 Pythagoreorum
649 3805 873 3871 admirationem,
898 3809 1015 3862 Numam
1035 3827 1136 3879 quoque
1220 3863 1223 3870 ,

146 3907 238 3960 regem
260 3893 461 3962 Pythagoreum
480 3909 499 3942 a
518 3889 707 3959 posterioribus
728 3891 911 3944 existimatum.
948 3893 1042 3946 Etiam
1059 3894 1136 3948 state
1227 3958 1229 3963 Ι

145 3973 317 4028 senteutiam
327 3975 441 4039 ceteris,
463 3991 562 4042 quoque
580 3973 719 4044 significat
733 3991 826 4042 tuteque¹
837 3975 940 4030 lectum
959 3992 1019 4028 esse
1035 3975 1064 4029 in
1076 3978 1135 4032 Nu·

145 4075 194 4112 mu
213 4064 241 4111 et
255 4057 283 4111 in
302 4060 374 4114 eliis.
409 4059 470 4112 Non
492 4063 568 4109 recte
590 4059 715 4126 exposuit
737 4055 976 4119 uestimentum
996 4060 1134 4116 Matthiae

133 4140 182 4198 ed
200 4140 257 4194 (iic.
283 4143 370 4212 Epist
388 4142 447 4195 112.
474 4159 573 4212 quoque
587 4137 758 4212 'simpliciter
781 4139 1031 4224 ttddercsaliqttitl,¹
1049 4137 1148 4203 ctiam'
1166 4185 1169 4192 .

145 4225 244 4282 fortius
259 4227 368 4306 quidet
382 4225 505 4300 parius.
