2782 4730
256 347 323 411 did
742 335 819 404 EX.

257 489 385 556 ensinit
397 487 495 554 huius
510 488 762 575 praepositionis
779 507 880 566 usus,
901 487 991 550 ouius
1012 487 1164 574 exempla
1183 489 1225 554 sd
1243 493 1308 558 tria

260 597 380 662 genera
396 573 543 638 revooari
560 583 710 672 possunt.
751 571 837 636 Nam
853 580 908 634 snt
923 573 1029 640 exitas
1043 595 1086 636 ex
1102 574 1212 659 aliquo
1229 577 1306 642 loeo

258 661 312 726 vel
328 681 367 723 ex
384 658 490 746 eliqua
509 679 545 721 re
561 659 772 745 intelligitur,
810 677 876 742 quo
897 657 993 722 stiam
1013 658 1112 744 origo
1136 671 1168 723 et
1192 683 1306 727 caussa

261 756 296 810 et.
311 745 481 821 materies,
504 743 555 806 eui
570 743 647 829 quid
664 746 875 826 desumptum
890 742 952 821 sit,
970 753 1003 806 et
1019 745 1175 808 transitus
1192 769 1308 812 rerum

260 827 482 916 significatur,
511 840 566 892 aut
583 830 688 894 exitas
705 850 747 891 ex
763 828 874 913 aliquo
890 837 1063 915 tempore,
1090 830 1145 914 qui
1160 853 1230 894 esse
1245 855 1307 917 po·

256 925 326 982 test
348 913 568 1001 principium,
587 925 641 977 aut
659 915 799 997 denique
822 911 959 989 modus,
990 916 1046 998 qui
1069 913 1212 1000 aliquam
1236 939 1309 982 rem

260 1000 452 1065 moderatur
481 1022 517 1062 ae
542 1003 635 1085 regit.
691 999 785 1080 Quae
813 1019 923 1062 caussa
952 997 1069 1078 fuerit,
1107 1022 1166 1064 our
1197 1003 1307 1067 Latini
1376 1071 1377 1092 ¹

257 1085 436 1151 ablativum
449 1107 464 1163 ,’
511 1085 626 1149 Graeci
656 1085 834 1170 genitivum
867 1105 942 1146 eum
974 1083 1036 1148 hae
1058 1085 1308 1173 praepositione
1376 1129 1377 1174 p

262 1172 515 1256 coniungerent,
538 1169 681 1235 diximus
711 1169 813 1234 Turn.
833 1173 862 1232 1.
884 1189 919 1256 p.
937 1173 968 1234 9.
1042 1175 1045 1180 ’

344 1308 369 1374 1.
395 1315 423 1375 1.
445 1309 592 1373 Primum
615 1310 715 1396 igitur
736 1308 1011 1395 qualemcumque
1035 1306 1160 1374 exitum
1185 1333 1229 1374 ex
1246 1309 1307 1374 nli·

265 1417 332 1482 quo
350 1395 425 1458 Ioco
443 1395 493 1459 vel
509 1417 549 1460 ex
565 1396 672 1482 aliqua
688 1416 724 1458 re
739 1392 907 1482 significat.
960 1394 1059 1474 Quod
1076 1416 1179 1480 quum
1196 1399 1307 1461 omni·

262 1481 323 1546 bus
339 1490 405 1544 tam
421 1491 537 1544 notum
554 1481 607 1558 sit,
628 1491 664 1544 ut
680 1479 832 1565 exempla
852 1477 1050 1558 verborum,
1073 1502 1155 1565 quae
1173 1493 1306 1546 motum

263 1565 315 1632 vel
340 1566 464 1630 exitum
486 1576 620 1640 notant,
651 1565 760 1629 omitti
785 1565 927 1650 possint,
957 1575 989 1630 et
1012 1587 1115 1650 quum
1136 1564 1176 1630 de
1197 1567 1308 1630 diver-

263 1653 356 1716 sitate
375 1650 464 1714 verbi
488 1674 510 1715 u
529 1651 628 1714 Tam.
650 1656 679 1714 1.
702 1673 736 1736 p.
756 1656 806 1714 12.
829 1649 957 1736 loquuti
981 1650 1100 1728 simus,
1130 1651 1162 1716 id
1177 1663 1308 1716 tantum

262 1747 436 1815 notamus,
460 1733 545 1798 hune
570 1735 848 1822 praepositionem
873 1757 944 1797 nou
969 1736 1047 1822 poni
1074 1747 1147 1800 ante
1171 1740 1307 1802 nomina

262 1822 414 1898 urbium,
448 1830 480 1882 et
504 1821 682 1884 insularum
710 1820 759 1883 vel
782 1819 932 1883 locorum
959 1841 1093 1899 eorum,
1117 1821 1179 1906 'qui
1204 1823 1308 1886 instar

263 1907 328 1970 sint
347 1903 562 1990 oppidorum.
601 1907 650 1970 De
672 1927 735 1990 qua
759 1925 794 1968 re
821 1904 910 1968 conl.
924 1902 997 1969 'cie
1014 1906 1052 1968 ad
1072 1909 1138 1970 Aa.
1156 1911 1188 1985 7,
1207 1911 1239 1986 t,
1258 1914 1307 1972 10.

264 1991 489 2076 Componitur
512 2012 590 2055 vero
608 2015 643 2054 ea
662 2011 735 2053 οιιιιι
755 1991 944 2054 nominibus
968 2013 1160 2076 magnarum
1187 1993 1308 2056 insula·

264 2099 340 2143 rum
364 2087 395 2140 et
421 2087 602 2153 terrarum,
633 2085 664 2139 et
683 2097 756 2138 eum
774 2076 996 2162 appellativis,
1026 2097 1108 2163 quae
1126 2089 1202 2140 stent
1219 2077 1306 2159 striis,

265 2163 382 2248 regin,
417 2161 489 2224 alia.
541 2161 702 2248 Exempla
731 2162 870 2225 omissae
907 2162 939 2224 iu
971 2161 1026 2224 his‘
1053 2164 1305 2248 praepositionis

264 2269 339 2313 rara
358 2257 452 2320 sunt,
478 2255 509 2309 et
530 2247 721 2333 praesertim
747 2249 854 2330 poetis
875 2248 1021 2332 propria.
1066 2249 1206 2312 Additur
1230 2271 1306 2312 vero

265 2332 469 2422 praepositio
491 2331 588 2394 etiam
609 2331 796 2395 nominibus
823 2331 969 2404 urbium,
995 2331 1043 2395 vel
1064 2343 1097 2395 ut
1113 2334 1220 2397 exitus
1236 2333 1307 2398 for·

263 2419 330 2482 tius
347 2417 550 2502 designetur,
572 2415 624 2482 vel
639 2439 733 2480 more
747 2417 903 2505 peculiari
922 2419 1140 2504 quorumdam
1164 2421 1306 2508 scripto·

265 2525 359 2587 rum,
389 2505 435 2566 uti
450 2502 556 2568 Plinii.

370 2623 427 2678 cio.
444 2623 473 2676 in
487 2623 565 2676 verr.
580 2621 606 2686 l,
621 2621 663 2686 19,
678 2621 720 2676 5⁰.
738 2639 815 2692 qnam
831 2621 917 2696 legati
931 2622 967 2674 nd
984 2622 1012 2674 C.
1027 2621 1156 2694 Neronem
1170 2624 1199 2676 in
1214 2625 1306 2678 Asiam

334 2708 563 2762 Samo‘nanissent·
596 2707 673 2761 Caes.
691 2709 723 2762 B.
741 2707 793 2762 aiv.
807 2706 833 2772 3,
854 2703 896 2759 58.
922 2709 1083 2776 cogebantur
1096 2708 1211 2775 Corcyra
1232 2717 1307 2778 atque

331 2792 489 2844 Acarnania
512 2793 593 2862 longo
623 2793 756 2846 interiecto
784 2789 965 2860 navigationis
992 2792 1078 2861 spatio
1094 2794 1223 2886 petulans
1246 2812 1307 2864 snp-

329 2883 448 2946 portare.

368 2978 430 3032 niv.
446 2977 489 3044 ta,
505 2979 547 3045 13,
563 2978 588 3032 9.
610 2980 714 3032 litteras
733 2978 827 3032 deinde
837 2978 993 3033 Mandonio
1009 2979 1117 3032 allatos.
1154 2980 1308 3037 Gronovius

336 3068 364 3116 ot
382 3063 431 3116 alii
448 3082 501 3118 non
522 3065 581 3118 sine
602 3081 698 3118 caussa
720 3057 1077 3130 suspicabanturexeidisse
1099 3081 1120 3116 e.
1154 3065 1250 3119 lustin.
1266 3067 1309 3130 12,

333 3147 359 3212 1,
375 3148 399 3200 4.
421 3125 485 3204 dnm
504 3152 569 3204 haee
584 3135 718 3220 agontur,
741 3150 866 3217 epistolae
879 3149 1018 3214 Antipatri
1032 3149 1189 3203 Macedonio
1207 3151 1233 3202 ei
1246 3153 1309 3204 red·

335 3233 443 3288 duntur.
478 3235 521 3290 Ito
542 3235 725 3304 Bongsrsins,
745 3233 792 3288 sed
809 3232 864 3284 etii
889 3232 964 3287 codd.
987 3233 1033 3286 vol
1054 3251 1072 3284 o
1092 3235 1138 3286 vel
1161 3253 1175 3287 e
1187 3236 1308 3311 pddunt.

333 3315 422 3372 Tacit
439 3318 506 3380 Anu.
520 3318 546 3384 2,
560 3317 602 3372 tit.
621 3327 649 3372 at
666 3319 836 3373 Germaniano
846 3319 965 3385 Aegypto
981 3333 1098 3370 remeans
1113 3326 1208 3372 saneta
1229 3350 1265 3360 -
1282 3322 1310 3373 is

335 3405 497 3464 eontrarium
518 3420 594 3455 versa
612 3403 751 3470 cognoscit.
785 3401 856 3454 Plin.
872 3399 944 3458 ittet.
961 3418 987 3452 ιι.
1002 3399 1027 3466 6,
1045 3399 1141 3466 11,21.
1160 3406 1222 3456 lndi
1239 3406 1310 3458 onim

333 3501 415 3553 prope
430 3487 549 3554 gentium
565 3488 615 3539 soli
629 3506 772 3557 nunqnam
788 3488 938 3558 nigrorem
944 3487 1048 3554 finitos
1061 3488 1122 3540 suis.
1156 3487 1252 3542 Etiam
1263 3489 1309 3542 hie

337 3569 464 3621 excidere
478 3576 585 3636 poteret
600 3589 621 3624 e.

371 3671 442 3728 Plin.
458 3671 529 3725 Hist.
545 3690 571 3726 ιι.
582 3672 624 3738 at,
633 3673 657 3738 1,
667 3673 709 3726 18.
727 3674 842 3726 tulisset
857 3674 885 3726 in
900 3674 1023 3743 capitolio
1036 3672 1146 3745 Apollo,
1162 3677 1311 3730 translotns

338 3773 357 3810 n
370 3755 408 3809 M.
421 3757 530 3809 Lucullo
544 3775 574 3812 ea
590 3761 748 3829 Apollonio,
768 3760 847 3811 Ponti
860 3760 932 3813 nris.

352 3883 383 3944 2.
408 3879 511 3966 Saepe
527 3881 578 3958 id,
613 3905 630 3948 e
652 3903 718 3968 quo
737 3880 857 3966 aliquid
875 3891 1130 3967 promoveatur,
1160 3881 1309 3948 conditio

268 3971 430 4114 ffifiegua
452 3968 552 4034 missa
574 3979 628 4032 aut
647 3967 760 4034 relicta
783 3969 938 4036 transitus
963 3967 1001 4032 fit
1020 3968 1055 4032 iis
1077 3964 1176 4034 oliam
1195 3969 1310 4036 eondi-

333 4217 338 4226 .
373 4171 448 4224 Cart.
461 4170 488 4237 i,
502 4169 595 4238 11,1s.
614 4173 770 4244 tondensque
785 4174 855 4228 volnt
870 4189 901 4228 ss
915 4174 970 4228 alto
984 4188 1075 4244 sopore
1089 4172 1206 4228 ssoitnts‘.
