2802 4732
245 439 309 504 tor
480 513 488 526 ¹
595 393 600 414 ’
730 423 844 492 ΕΤ.ι

336 590 385 655 14.
414 583 572 652 Similiter
593 577 677 647 duae
700 604 774 663 res,
797 597 939 667 quarum
953 573 1121 644 diversitas
1139 588 1189 642 est
1203 579 1308 667 signi-

249 676 395 756 litanda,
416 679 667 772 componuntur
682 691 744 756 per
762 679 816 747 et,
845 667 945 752 idque
961 666 1194 817 ssdniturpost
1209 666 1309 732 verba

250 765 361 838 elius,
397 759 511 825 aliter.
542 754 607 838 vid,
631 753 735 819 Tam.
750 752 777 818 Ι.
801 773 837 841 p.
854 757 929 818 268.
989 772 1024 816 er
1051 771 1093 818 ac
1115 773 1186 839 rpsa
1212 773 1310 816 com-

249 850 380 939 paratio
399 842 607 932 exprimitura

353 967 412 1022 cte.
421 964 455 1017 de
464 964 541 1018 Orat.
549 961 576 1028 3,
582 957 625 1025 18,
633 951 677 1012 66.
696 955 754 1013 alia
768 951 837 1012 enirn
851 966 877 1013 at
886 958 957 1011 iona
967 951 1206 1013 ermolauidentor
1215 953 1312 1012 Stoicis

319 1061 347 1110 et
361 1051 451 1108 esteris
466 1049 572 1101 ciuibus.
609 1045 685 1098 Geel.
698 1044 734 1096 ed
749 1044 806 1096 Cic.
823 1043 849 1109 8,
865 1038 891 1108 l,
908 1039 934 1096 i.
953 1043 1018 1096 solet
1031 1042 1101 1094 enim
1120 1041 1198 1093 aliud
1215 1041 1312 1096 sentire

319 1146 346 1194 et
365 1135 444 1206 loqui.
477 1132 549 1201 quod
564 1130 622 1183 Gic.
640 1130 674 1180 dc
685 1127 752 1190 ¹Fin.
764 1127 791 1192 2,
807 1127 833 1193 1,
849 1127 892 1181 21.
911 1127 970 1181 alia
988 1129 1084 1192 sentit,
1109 1127 1167 1178 alic
1184 1115 1325 1195 Μηίων]

252 1235 258 1240 “
321 1223 379 1286 Cic.
394 1205 507 1291 uiloel.
523 1215 567 1282 28,
583 1214 626 1268 ot.
651 1215 696 1266 luc
709 1214 779 1264 enim
795 1214 875 1284 louge
892 1214 950 1266 alia
970 1220 1016 1267 est·
1029 1213 1091 1266 salia
1106 1218 1131 1264 et
1145 1212 1308 1278 lychnorum.

319 1307 370 1362 ubi
389 1303 511 1359 Orellius
525 1299 600 1354 dedit
616 1314 652 1350 ex
667 1297 726 1350 cod.
741 1303 812 1352 taor.
836 1317 881 1367 ae,
908 1296 1046 1353 rationem
1068 1295 1185 1348 reddens
1210 1314 1237 1364 p.
1251 1295 1311 1350 639.

323 1389 404 1461 quasi
420 1386 574 1457 elegantia,
600 1401 671 1455 queo
686 1381 755 1435 viris
768 1382 857 1436 doctis
874 1383 902 1435 ln
919 1383 990 1435 nlius
1014 1388 1040 1434 et
1060 1381 1225 1448 placuisset,
1254 1384 1312 1450 ple-

321 1488 439 1544 rumque
460 1471 585 1526 librariis
609 1471 784 1532 deiceretur,v
802 1467 1004 1536 particularum
1020 1473 1096 1519 acet
1117 1475 1143 1520 et
1164 1467 1313 1520 discrimen
1386 1519 1387 1548 ,

322 1555 524 1638 ignorantibus.
560 1555 641 1623 Quod
654 1569 709 1605 non
725 1551 860 1620 intelligo,
879 1554 913 1605 de
928 1552 982 1606 eff.
991 1551 1017 1617 2,
1028 1551 1073 1616 18,
1081 1550 1124 1604 61.
1143 1553 1201 1606 alia
1217 1570 1311 1606 massa
1386 1557 1387 1560 ’

323 1653 363 1698 est
371 1645 441 1706 eius,
452 1639 502 1711 vqui
510 1639 665 1694 calamitate
670 1639 816 1708 premitur,
834 1638 939 1701 eteius,
958 1637 1005 1706 qui
1014 1653 1056 1688 res
1064 1637 1183 1689 meliores
1197 1640 1310 1706 quaerit.

324 1749 352 1799 p.
367 1727 449 1781 Caco.
463 1723 508 1788 20,
523 1721 567 1776 57.
595 1740 676 1791 neque
700 1723 769 1775 enim
793 1723 850 1774 alia
870 1737 966 1773 cerusa
989 1727 1027 1773 est
1049 1713 1193 1789 aequitatis
1214 1720 1244 1771 in
1259 1738 1313 1772 uno

324 1831 398 1868 seruo
411 1818 437 1864 et
453 1809 483 1860 ia
498 1808 628 1876 pluribus.
647 1808 681 1858 do
694 1806 755 1858 rin.
767 1804 794 1871 5,
803 1805 853 1869 29,
868 1803 911 1858 89.
930 1807 993 1875 quid
1010 1825 1076 1878 ergo
1091 1807 1172 1858 aliter
1186 1805 1313 1870 homiues,

326 1901 407 1968 aliter
418 1893 586 1965 philosophos
601 1891 673 1961 loqui
685 1899 762 1962 pates
777 1897 903 1962 euenere,
919 1893 1015 1960 quanti
1029 1893 1141 1962 quidque
1155 1889 1212 1945 sit?
1226 1893 1313 1944 aliter

325 1986 413 2037 doctos
428 1988 452 2033 et
466 1975 604 2030 indoctos?

346 2119 398 2184 15.
427 2113 466 2182 In
488 2110 753 2196 narrationibus,
781 2107 839 2178 ubi
869 2132 923 2179 res
955 2109 1073 2180 dieitur
1102 2115 1259 2206 proxime
1281 2129 1314 2182 et

261 2206 410 2279 celeriter
424 2210 626 2286 consequuta
643 2223 731 2280 esse,
753 2211 786 2265 et
803 2201 906 2266 nectit
920 2212 1031 2288 partes
1049 2204 1221 2270 orationis.
1266 2205 1314 2270 lta

166 2299 168 2306 ’
261 2295 369 2360 nexus
387 2286 588 2376 sigriificatur
611 2306 680 2351 non
699 2285 816 2350 mediis
839 2285 938 2352 rebus
960 2286 1139 2372 distentus,
1166 2301 1201 2354 et
1223 2291 1318 2376 quod.

260 2380 387 2445 factum
407 2385 473 2455 est,
489 2372 609 2436 dicitur
625 2371 746 2436 eodem
761 2373 913 2458 tempore
929 2395 1003 2437 cum
1019 2375 1079 2438 alia
1096 2395 1131 2440 re
1147 2377 1312 2441 accidisse.

260 2464 358 2528 Vnde
366 2458 658 2547 grammaticorum
672 2463 899 2547 praeceptum,
917 2469 950 2522 et
963 2459 1145 2548 significare
1161 2462 1314 2528 celerita-

260 2561 341 2614 tem.
385 2543 515 2612 Servius
531 2543 572 2608 ad
586 2544 702 2631 Virgil.
721 2547 801 2608 Aen.
818 2551 851 2630 ὃ,
864 2543 898 2609 u.
928 2538 1003 2610 vid.
1024 2545 1125 2623 Tem.
1139 2546 1166 2610 l.
1184 2569 1220 2634 p.
1236 2549 1313 2614 480.

260 2631 429 2700 Praecedit
454 2650 551 2716 saepe
576 2630 631 2693 eir
660 2629 712 2694 vel
735 2628 822 2694 aliud
845 2629 985 2695 verbum
1009 2631 1116 2698 brevis
1140 2633 1314 2722 temporis.

254 2721 310 2785 'Ita
329 2721 427 2784 etiam
443 2711 560 2781 Graeci
576 2714 626 2778 eoi
639 2727 780 2801 ponunt.
804 2715 869 2781 rid.
886 2717 1078 2802 Hoogeven.
1096 2718 1210 2800 Doetr.
1226 2730 1314 2806 part.

262 2826 313 2892 gr.
328 2828 362 2893 p.
376 2804 451 2870 536.
475 2801 564 2890 apud
580 2799 917 2889 Schiitzium.p.281.
933 2813 965 2866 et
983 2805 1092 2903 Viger.
1108 2826 1143 2892 p.
1156 2807 1230 2870 524.

368 2923 458 2978 Tacit}
473 2924 543 2977 dnn.
559 2921 584 2988 1,
600 2920 644 2976 38.
671 2927 701 2974 at
716 2922 745 2972 in
760 2921 875 2974 Chaucis
892 2927 1043 2992 coeptavere
1065 2926 1220 2980 seditionem
1232 2943 1315 2996 prae·-

330 3009 428 3063 sidium
450 3010 585 3079 agitantes
607 3006 741 3060 vexillarii
764 3007 924 3060 discordiam
952 3009 1101 3076 iegicnnm',
1136 3019 1161 3066 ot
1179 3010 1316 3082 praesenti

331 3096 444 3150 damen
476 3093 589 3147 militurn
622 3087 751 3161 supplicio
781 3092 906 3160 paullum
937 3094 1053 3160 repressi
1075 3101 1147 3149 sant.
1181 3093 1231 3148 ubi
1259 3087 1316 3146 rid.

328 3178 467 3234 Wolfium.
1165 3217 1168 3222 ,

367 3262 437 3316 Stat.
448 3255 659 3326 ructuaret
679 3257 814 3326 rufatus,
835 3262 861 3312 et
875 3267 958 3312 auras
973 3253 1087 3332 dissipat
1100 3258 1181 3318 laeto
1192 3259 1315 3320 tremens.

329 3347 419 3402 Poeta
432 3346 504 3414 opud
518 3343 576 3397 cie.
592 3343 626 3396 de
640 3342 703 3396 niv.
716 3343 743 3408 2,
757 3335 851 3408 a'1‚6t.
871 3345 980 3398 advenit
995 3355 1022 3400 et
1031 3350 1098 3413 sera
1113 3349 1316 3402 velivoleatibus

332 3432 446 3486 nucibus
469 3429 608 3500 coorpleoit
626 3444 722 3488 manas
737 3429 839 3483 littora.
865 3421 915 3480 uti
928 3430 974 3482 vd.
991 3425 1109 3486 Giesius.
1137 3425 1207 3487 Stat.
1224 3429 1315 3486 Theo.

328 3513 356 3582 5,
370 3513 432 3568 247.
450 3516 493 3567 lais
505 3520 607 3578 motus,
627 3517 653 3564 et
667 3519 742 3565 artus
756 3513 838 3567 crearit
853 3501 954 3567 itratisi

365 3601 445 3653 Caes.
466 3599 500 3652 B.
519 3599 586 3668 gall.
602 3596 627 3663 1,
642 3593 685 3649 di.
713 3597 778 3649 auec
801 3597 890 3649 eodem
910 3603 1027 3668 tempore
1051 3595 1164 3654 Caesari
1176 3601 1317 3654 'aromata

328 3685 529 3751 resarciantur.-
548 3689 574 3736 et
589 3681 675 3752 legati
689 3682 723 3733 ad
737 3680 837 3733 Aeduis
852 3686 879 3732 et
893 3699 910 3734 a
922 3683 1037 3736 Treuiris
1050 3678 1199 3738 ueniebant.
1223 3681 1315 3737 Tacit.

331 3766 486 3835 Auum&
503 3768 595 3822 datiae
607 3757 717 3836 corripit
731 3779 822 3828 ream,
839 3758 899 3817 adit
914 3761 1046 3832 consules,
1065 3755 1174 3820 senatus
1184 3770 1316 3838 coguitio-

331 3855 501 3922 compescit,
526 3859 552 3906 et
567 3859 696 3906 uocantur
709 3856 811 3918 patres.
848 3844 909 3899 vit.
929 3847 1102 3920 Oudendorp.
1119 3846 1155 3904 sd
1170 3853 1274 3908 Lucan.
1291 3852 1316 3918 1,
1381 3855 1382 3864 ’

330 3935 391 3991 231.
411 3942 439 3990 et
461 3937 496 3989 ad
519 3938 598 3990 Caes.
621 3936 656 3989 Β.
676 3934 743 4004 gell.
764 3925 791 3997 d,
813 3925 857 3985 37.
888 3928 1037 3986 Burmann.
1059 3936 1095 3986 ad
1120 3935 1217 3990 Claud.
1232 3939 1317 4006 Rapt.

330 4021 407 4075 Pro.
415 4020 440 4086 1,
450 4020 510 4074 117.
531 4015 716 4075 statumen.
736 4017 793 4070 lc.
811 4014 1081 4086 Hottinger.ad0ic.
1092 4019 1316 4087 denirium.

332 4105 505 4173 Oudendorp.
524 4105 559 4157 nd
573 4105 656 4175 dpnl.
667 4104 735 4156 atet.
746 4119 773 4171 p.
785 4099 845 4155 519.
1036 4114 1037 4118 ’

365 4187 464 4258 Virgil.
479 4187 589 4256 deuna,
604 4186 664 4242 857.
681 4187 725 4239 uir
739 4186 838 4254 primos
852 4184 962 4258 inopina
977 4187 1049 4257 quies
1066 4189 1205 4242 laxaverat
1220 4197 1315 4244 arture

330 4277 356 4324 et
372 4287 452 4342 super
472 4274 622 4328 incumbens
645 4300 680 4312 -
700 4270 817 4344 iiqaidas
833 4273 945 4343 proiecit
967 4274 997 4326 in
1017 4274 1105 4330 uades
1128 4275 1315 4345 praecipitem.
