2844 4740
577 408 789 531 DENIQvn
1145 415 1208 484 2⁷1

162 589 231 645 star
252 576 403 644 omnium
427 588 459 644 et
510 573 598 641 aneis
622 573 729 638 vorbis
756 563 869 638 omnis
891 591 961 638 esec
984 567 1210 662 comprehen-
1256 611 1262 620 ·

162 665 271 731 denda
295 663 444 731 dicimus.
483 597 572 728 lllud
598 669 703 724 estet
728 661 883 736 ornnino,
908 657 980 723 aad
1002 658 1211 746 riberhanptr

162 749 240 827 hoe,
257 762 294 815 ut
311 753 423 840 paucis
434 749 614 820 absolvam,
632 746 710 818 sive,
725 755 762 808 ut
778 767 845 810 uno
861 745 1043 809 narborem
1059 746 1211 834 eomple—
1275 759 1279 767 '
1321 786 1338 824 ,,

69 877 76 892 ι
163 849 249 902 clar:
267 835 310 914 oie
323 838 505 913 ἔπρςείπεῖν,
521 829 606 907 ὅλως.
622 830 675 895 vd.
684 829 793 895 Wolf.
804 831 843 894 ad
854 830 1027 895 Demosth.
1037 831 1165 918 Leptin.
1176 835 1209 896 4.

162 937 205 1012 p.
220 929 295 988 220.
322 923 415 987 kara.
466 919 534 984 Nec
557 927 707 982 mutatur
731 915 812 980 haec
836 915 940 988 ratio,
968 917 995 981 si
1022 927 1116 984 antea
1140 939 1211 984 non

161 1009 275 1096 plures
298 1031 370 1089 res,
400 1004 546 1071 seduna
575 1013 707 1068 tantum
740 1008 942 1086 nominatur.
998 1001 1084 1066 Nam
1115 1025 1212 1092 saepe

161 1089 304 1169 utuntur
316 1093 378 1158 hac
395 1089 543 1155 folmula
560 1089 757 1176 scriptores,
778 1087 836 1152 ubi
858 1087 966 1152 multa
979 1086 1042 1152 dici
1060 1101 1213 1175 possunt,

162 1179 221 1246 sed
239 1181 346 1244 oratio
371 1175 482 1258 adid,
511 1175 603 1260 quod
624 1175 807 1239 maximum
834 1184 866 1237 et
889 1172 1137 1238 validissimum·
1152 1185 1211 1258 est,

104 1289 135 1316 Ἴ
161 1275 343 1351 properat,
366 1273 465 1348 atque
487 1259 553 1340 hoc
575 1261 679 1325 modo
701 1257 914 1323 contrahitur
938 1268 969 1324 et
991 1258 1210 1346 abrumpitur.

164 1349 280 1416 Critici
303 1370 382 1414 voro
411 1369 453 1414 ex
469 1367 535 1432 quo
560 1346 646 1412 hanc
669 1345 817 1412 indolem
839 1343 1019 1430 particulae
1044 1346 1213 1432 cognitam

161 1433 350 1500 habuerunt
368 1443 400 1498 et
423 1433 517 1498 locos
540 1442 634 1497 antea
656 1454 724 1496 non
750 1442 939 1516 perspectos
959 1429 1043 1496 bene
1065 1423 1213 1518 explica·

161 1529 303 1598 verunt,
320 1518 487 1584 numerari
502 1517 557 1582 vix
571 1527 730 1607 possunt,
749 1517 785 1580 in
804 1515 923 1601 quibus
940 1514 1020 1582 hacc
1043 1515 1212 1606 interpre-

159 1606 246 1670 tatio
259 1615 389 1669 ‘temere
406 1603 550 1668 adhibita
565 1604 624 1688 sit,
646 1602 843 1694 praesertim
858 1601 915 1668 ubi
938 1600 1120 1671 sufficiebat
1139 1625 1228 1670 .no-*

158 1691 210 1759 rio
227 1691 362 1756 maioris
378 1690 556 1777 gravitatis.
1138 1727 1142 1736 ·
1201 1721 1204 1729 ·

234 1811 237 1820 ’
277 1825 486 1882 Freinshemius
506 1844 577 1898 qnae
598 1815 728 1882 ed'Flor.
744 1817 835 1895 1,1t.
854 1828 950 1895 affert,
970 1832 1068 1882 'cuneta
1085 1843 1139 1881 uon
1154 1826 1212 1881 hac

230 1913 377 1983 pertinent.
412 1913 508 1984 Neque
523 1913 615 1968 omnia
629 1929 678 1981 ea,
700 1930 770 1983 quae
787 1915 924 1968 Graevius
939 1913 973 1966 ad
997 1912 1055 1968 cic.
1073 1912 1159 1980 Epist.
1175 1911 1213 1965 ed

113 2039 117 2048 ,
230 1999 310 2052 Fam.
338 1997 452 2064 10,1n.
480 2003 507 2052 et
530 1999 572 2052 ad
589 1999 665 2053 Suet.
693 2001 764 2069 Aug.
785 1999 828 2054 23.
854 2005 975 2068 atquae
997 1997 1151 2066 Schultiug.
1176 1995 1212 2050 ad

232 2083 365 2150 Quinctil.
382 2083 506 2137 Decium.
522 2082 554 2151 1,
569 2082 594 2137 6.
613 2103 640 2154 p.
654 2081 697 2138 lo.
715 2086 782 2140 Bur.
817 2085 965 2154 Aliquanto
980 2082 1139 2153 diligentior
1151 2085 1213 2136 erat

232 2169 403 2223 Freinshem.
429 2170 464 2222 ad
480 2169 571 2224 Tacit.
595 2170 644 2224 Aa.
660 2171 693 2236 1,
709 2168 751 2222 28.
803 2169 846 2223 Gi.
868 2169 1013 2223 Ruhnken.
1035 2168 1071 2224 ed
1098 2167 1211 2221 Terent.

232 2255 317 2310 Andr.
334 2254 413 2322 1,1,
429 2255 489 2309 120.
507 2256 649 2310 Ernestius
662 2255 691 2308 in
707 2256 784 2308 Clau.
800 2253 889 2310 Cicer.
1002 2313 1004 2317 ,

265 2375 378 2430 Terent.
395 2375 561 2442 Eun.d,1,
579 2374 622 2429 50.
639 2375 685 2428 aas
707 2375 855 2429 nominabit
876 2373 1054 2440 Phaedriam,
1078 2379 1109 2427 ta
1131 2371 1213 2426 Pam-

229 2459 335 2530 plrilarn
351 2462 492 2514 continno.-
510 2463 534 2514 εἰ
548 2461 655 2529 quando
669 2460 719 2512 illa
733 2459 811 2523 dicet,
828 2457 991 2510 Phaedriam
1004 2458 1213 2534 intromittamus

230 2535 416 2610 'connectam
437 2554 476 2611 tn,
497 2545 667 2614 Pamphilam
685 2549 823 2596 cantatam
843 2535 1027 2613 prouocemus:
1045 2543 1069 2594 si
1089 2541 1212 2594 laudabit

233 2627 385 2694 haee2ittiar
396 2634 532 2697 sormam,
543 2639 580 2692 ,ta
595 2630 674 2682 haias
689 2635 790 2682 eontra.
825 2629 942 2698 Denique
958 2643 1010 2697 par
1019 2644 1070 2696 pro
1086 2627 1152 2696 pari
1170 2642 1214 2679 re-

177 2747 180 2752 ,
206 2713 207 2720 ’
228 2715 320 2779 ferto,
339 2715 409 2782 qnod
424 2731 481 2766 eam
497 2717 626 2768 mordeat.
663 2713 776 2768 ctare
799 2713 875 2768 Oret.
898 2713 931 2777 2,
951 2711 1000 2777 id,
1015 2711 1075 2766 31⁷.
1101 2711 1213 2764 demon·
1268 2757 1281 2771 ,

235 2785 330 2850 straus'
339 2798 480 2851 exordium
495 2799 606 2852 dicandi
618 2815 672 2852 nou
688 2817 770 2868 saepe
786 2817 844 2854 erse
856 2799 958 2851 debere
975 2797 1138 2863 vehemens,
1154 2799 1215 2864 poet

234 2880 292 2935 alia
322 2889 485 2960 argumente
516 2883 607 2938 addite
639 2887 709 2938 nihil
738 2892 776 2938 est
798 2885 908 2954 denique
936 2885 966 2936 in
995 2891 1097 2936 catara
1126 2898 1215 2936 rernm

165 3007 170 3014 .
234 2968 366 3032 ananiam,
386 2960 456 3036 quod
476 2986 504 3023 re
520 2972 671 3024 nniversam
687 2969 850 3040 profundat,
869 2977 894 3022 et
912 2969 981 3038 qaod
1003 2967 1216 3036 interminante
1251 3023 1254 3032 ,

235 3054 325 3106 evolet.
359 3053 402 3106 Ad
426 3053 500 3107 hunc
520 3055 631 3108 modurn
654 3053 833 3108 Ruhnkeniur
855 3053 996 3108 emendari
1010 3052 1100 3106 voluit
1114 3049 1214 3105 Vellei·

235 3137 298 3190 Par.
315 3137 348 3201 2,
363 3135 408 3189 89.
439 3140 508 3191 nilsil
528 3141 638 3209 denique
665 3148 758 3212 optare
779 3157 797 3191 a
820 3139 872 3192 diis
893 3140 1009 3192 leoninas
1035 3164 1071 3178 ·-·
1093 3142 1213 3206 poseant,

235 3223 305 3292 qaod
326 3240 381 3300 apa
407 3223 547 3291 Augustas
574 3251 609 3264 ·-
633 3225 879 3294 repraesentaverit.
921 3222 977 3276 Sed
1010 3222 1056 3278 vix
1089 3221 1130 3275 itu
1157 3219 1215 3275 dici

236 3314 347 3377 poterat
359 3323 413 3358 uon
430 3308 607 3361 antecedente
619 3325 713 3361 rerum
728 3307 904 3376 expositione.
922 3307 978 3359 vid.
994 3322 1109 3364 uernae.
1126 3306 1171 3372 11,-
1186 3305 1213 3370 7,

169 3459 172 3464 Ι
238 3390 348 3445 Coelius
367 3408 450 3459 quum
467 3391 496 3443 in
518 3392 604 3460 Epist.
624 3393 658 3445 ad
676 3392 732 3446 cia
753 3391 912 3456 8‚11,12.
939 3391 1067 3456 dixisset,
1092 3389 1121 3442 in
1136 3406 1212 3450 eorn-

186 3520 192 3527 .
234 3475 370 3530 mentatio
388 3493 482 3531 rerum
500 3479 666 3530 urbanarum
683 3477 771 3529 multa
786 3493 845 3529 esec
861 3475 908 3530 vix
922 3475 1109 3546 lectudigna,
1126 3475 1216 3529 multa

237 3561 321 3615 etiarn
334 3561 430 3627 utilia,
451 3562 560 3632 pergit:
579 3563 688 3632 deniqne
702 3561 902 3614 maloiubeas
919 3549 1027 3631 partem
1049 3579 1155 3628 errare,
1174 3568 1214 3626 at,
1236 3548 1240 3554 ⁸

235 3665 303 3717 qaae
327 3665 381 3700 non
397 3647 543 3709 desideres,
564 3637 677 3711 audias,
696 3662 775 3715 qaam
798 3647 958 3714 quidquam,
984 3649 1054 3716 quod
1080 3663 1147 3716 open
1165 3653 1213 3711 ert,

232 3734 472 3802 praetermittatur.
494 3730 514 3784 i.
530 3741 554 3784 e:
572 3732 722 3800 siterlraupl
746 3727 817 3782 ater.
855 3729 912 3783 Cie.
931 3723 1214 3802 iuverr.1,'27,li⁰.

235 3833 314 3884 qaum
335 3816 495 3869 seditionem·
508 3817 603 3869 sedare
616 3815 732 3878 'vellem
767 3831 845 3883 quana
861 3818 1028 3881 frumentum
1047 3817 1214 3886 imperarem,

234 3917 314 3968 quum
335 3901 495 3968 stipendium
517 3917 655 3969 cogerem,
680 3916 758 3968 paam
781 3899 882 3966 aliquid
903 3901 1013 3969 deniqne
1032 3903 1072 3954 rei
1091 3901 1216 3971 publicae

234 4001 329 4037 caussa
349 4003 475 4055 gererem.
494 3984 526 4051 2,
544 3982 668 4048 51‚1er.
693 3988 796 4052 negant
814 3971 843 4034 id
861 3985 1025 4051 Syracusani
1039 4003 1089 4055 per
1105 3985 1215 4056 religio·

233 4083 280 4121 nes
294 4086 429 4123 sacrorum
443 4069 498 4124 allo
512 4069 588 4122 arado
597 4070 663 4135 fieri
672 4084 764 4137 posse:
779 4070 829 4134 sas
839 4069 955 4138 deniqne
969 4077 1074 4140 negant
1084 4087 1145 4123 esse.

197 4175 211 4192 ⁵
272 4183 469 4243 Tarouanna.
486 4189 518 4254 1,
533 4187 566 4252 2,
582 4185 625 4241 78.
654 4203 746 4256 nempe
769 4187 858 4242 omnia
882 4189 948 4240 haee
968 4205 1039 4240 nano
1060 4189 1142 4240 certa
1162 4173 1214 4239 liae

236 4272 347 4328 redeant
368 4275 497 4352 deniqne,
520 4291 570 4346 ega
589 4271 722 4329 asindae.
756 4273 809 4350 Pla.
836 4271 870 4340 4,
891 4271 926 4338 d,
946 4271 990 4326 lc.
1008 4279 1040 4328 nt
1067 4273 1105 4328 ad
1123 4287 1214 4344 panea
