2782 4730
568 535 573 548 ⁸
593 434 665 501 ΕΧ.
708 463 717 470 ·
1075 437 1146 508 ’618

205 583 302 666 virgil.
318 583 386 648 Aen.
408 591 434 657 6,
457 589 517 646 tor.
544 589 649 643 tumida
667 605 698 641 er
712 588 756 642 ira
769 594 824 643 tam
837 590 918 643 eorda
931 595 1063 650 reshtnat.
1085 597 1104 652 i.
1120 599 1161 653 e.'

170 699 253 752 quum
277 685 358 734 antea
385 676 469 732 eorda
492 678 677 762 tumescerent
695 673 748 726 irs.
792 673 902 728 Sallust.
930 677 989 746 lug.
1003 679 1047 745 36,
1061 679 1146 735 aaa

164 771 253 835 suere,
269 767 314 834 poi
328 773 384 817 tum
392 763 517 814 Altinum
531 759 605 811 leand
619 760 746 830 ignarum
760 759 861 810 consilii
872 761 945 829 regis
957 763 1146 831 existimarent,

168 869 250 920 aequa
269 867 300 902 er
318 856 397 902 touta
416 845 593 916 properantia
613 852 670 897 tom
686 845 772 910 sarilo
791 851 904 896 tractum
920 844 1014 897 tellam
1027 850 1146 902 secordia

168 937 258 1004 arogis
274 951 353 1003 qnam
374 933 433 983 dolo
452 930 594 982 moderent.
624 926 643 979 i.
660 943 684 980 e.
708 945 793 996 quum
809 933 890 982 autea
903 935 1077 997 properasset
1095 932 1146 986 al-

109 1050 112 1056 ·
169 1018 258 1090 binus.
285 1016 346 1068 lid.
363 1013 474 1068 Curtius
489 1012 524 1066 ud
540 1013 569 1065 h.
585 1013 607 1064 1.

187 1155 242 1218 50.
265 1151 469 1236 Depravatae
492 1147 660 1213 latinitatis
681 1158 747 1225 est,
780 1143 870 1232 quod
887 1147 1146 1214 instrumeirtum

101 1231 153 1304 ex'
171 1239 304 1301 rimitur
329 1233 390 1308 hae
416 1235 673 1321 praepositione.
732 1233 864 1319 Antiqui
893 1235 1067 1320 scriptores
1093 1235 1145 1299 vel

101 1261 279 1388 abliutivum
297 1317 481 1406 simplicem
498 1318 547 1382 vel
557 1341 621 1403 per
636 1327 808 1404 usurpant.
842 1318 959 1384 Graeoi
973 1319 1006 1383 la
1021 1318 1144 1385 dicunt.

100 1407 205 1494 Soph.
223 1407 255 1470 T
255 1405 344 1468 rach.
362 1407 455 1470 1133.
479 1405 508 1481 ἐξ
524 1405 595 1484 ἐμῆς
609 1411 718 1468 θανεῖν
732 1396 828 1486 χερός.

203 1525 310 1579 Pullad.
320 1523 362 1588 11,
373 1522 415 1588 lt,
430 1523 454 1576 1.
475 1530 587 1576 mustum
602 1551 636 1562 -
652 1523 770 1593 agitabis
784 1539 814 1574 aar
829 1539 917 1575 aaran
931 1524 1058 1594 radicata,
1067 1524 1146 1579 aebe-

167 1619 275 1665 menter.
309 1607 413 1677 Hygia.
430 1609 498 1658 Fab.
515 1605 557 1659 24.
583 1605 678 1659 Medea
692 1635 728 1644 —
750 1624 781 1658 ea·
793 1609 898 1659 uenenis
910 1611 999 1661 inulta
1014 1610 1146 1664 miracula

163 1696 240 1762 feeit.
276 1691 401 1760 Emporii
415 1692 546 1743 Rhetoris
559 1693 741 1745 Demonstrat.
757 1707 783 1756 p.
799 1688 858 1741 285.
875 1707 944 1743 mors
959 1674 1057 1762 quoque
1069 1702 1147 1747 atros

167 1788 193 1834 et
208 1780 331 1848 impiant
346 1786 487 1844 tamquam
498 1775 563 1844 ipsis
576 1775 652 1825 retas
673 1774 795 1828 hamanis
811 1775 942 1840 luctuosa,
972 1784 997 1828 et
1011 1784 1100 1830 tomen
1114 1795 1147 1831 ea

102 1889 103 1893 ¹
138 1919 140 1926 ,
167 1865 216 1917 laoo
236 1865 345 1914 honesta
370 1861 487 1923 dicetur,
521 1858 590 1926 qaod
613 1858 648 1909 sit
669 1859 765 1910 occisas
789 1875 820 1910 er
842 1859 963 1924 monitae
986 1847 1145 1915 senatorum.

89 2015 91 2020 ,
165 1947 345 2016 Epitaphium
362 1939 432 2012 quod
448 1943 529 1995 offert
546 1939 677 1992 Burthius
696 1941 729 1993 ud
745 1940 886 2006 Claudiurn.
908 1961 934 2010 p.
950 1941 1026 2018 lata.
1047 1937 1146 1997 immis-

88 2021 90 2026 ’
166 2023 274 2097 samque
288 2045 352 2080 area
373 2029 435 2078 dom
457 2025 554 2095 pandet
575 2025 604 2074 in
624 2041 683 2075 aare
706 2025 787 2076 telam
806 2031 832 2076 et
854 2026 938 2088 redit,
967 2043 997 2077 er
1021 2029 1078 2079 olio
1092 2029 1148 2094 firi

77 2145 80 2154 ι
163 2113 292 2181 fregique
315 2110 427 2177 sagitta.
468 2110 546 2176 Quae
572 2106 628 2160 ulia
650 2107 781 2161 Barthius
802 2109 901 2174 hebet,
930 2107 1014 2162 alieni
1036 2111 1149 2179 generis

71 2212 81 2273 ’ζ
120 2205 123 2209 ’
169 2203 240 2252 sunt.
603 2253 605 2260 ¹
651 2198 656 2209 ¹
1054 2201 1057 2210 ’

206 2298 285 2366 Apud
307 2295 419 2348 Festum
440 2311 463 2348 s.
481 2311 507 2347 r.
533 2294 635 2348 nictare
656 2295 785 2364 leguntur
801 2293 883 2348 Ennii
898 2297 968 2350 haee
984 2299 1070 2350 rerba
1085 2315 1147 2352 cor-

61 2408 71 2416 *
169 2390 266 2451 rupta:
292 2380 374 2433 aelati
397 2381 420 2430 si
444 2379 549 2450 quaudo
564 2381 656 2432 vinolio
672 2379 796 2432 venatica
811 2388 927 2434 venenuo
948 2389 1014 2450 apta
1036 2385 1100 2435 solet
1122 2384 1148 2436 ai

164 2469 240 2532 sorta
260 2483 290 2517 er
308 2479 373 2514 aare
395 2465 490 2533 sagaci
508 2466 588 2518 sensit
607 2483 668 2517 oooe
690 2481 741 2516 saa
757 2465 831 2515 nicta
853 2467 987 2534 ululatque
1007 2467 1045 2518 iti
1068 2451 1160 2520 aeota

170 2557 205 2604 et.
240 2548 342 2600 Paulus
358 2563 410 2599 non
429 2550 514 2608 hahet
530 2547 766 2626 praepositionem.
808 2547 874 2601 Sine
889 2549 1022 2600 librorum
1045 2549 1148 2602 auxilio

168 2650 267 2700 perum
284 2631 419 2700 proficier.
440 2631 557 2694 treione
572 2629 688 2684 coniecit
702 2647 787 2684 aanor
802 2661 837 2672 --
852 2633 975 2724 “mnf
990 2641 1070 2686 aratu
1084 2641 1132 2688 est.

187 2769 241 2833 51.
268 2767 413 2858 Originis
431 2757 604 2832 notionem
623 2765 778 2870 proxima>
794 2768 922 2854 attingit
936 2768 1030 2831 notio
1042 2778 1150 2847 traus-

102 2853 307 2920 mutationis.
350 2855 437 2917 Nam
460 2853 517 2940 qui
540 2875 583 2917 ex.
602 2852 669 2916 alio
686 2852 844 2933 aliustit,
862 2854 1005 2940 epulari
1030 2853 1150 2920 condi-

101 2941 196 3003 tione
215 2939 332 3002 transit
353 2939 387 3002 i'n
405 2938 522 3002 aliama
551 2934 777 3024 idque'quur'n
799 2939 841 3002 ad
864 2943 1022 3025 temporis
1045 2942 1149 3004 ratio-

101 3047 181 3090 nem
200 3023 314 3088 referri
330 3026 432 3110 possit
441 3073 453 3103 ,
482 3045 582 3110 saepe·
594 3025 693 3087 simut
711 3025 1004 3110 consequentiarum
1023 3021 1149 3110 'eogita-

102 3131 192 3175 mus.
241 3107 289 3171 lta
320 3131 362 3172 aar
388 3119 569 3194 usurpatur
593 3109 784 3172 demutata
812 3129 955 3194 persona·
986 3119 1082 3194 atque
1107 3108 1149 3173 de

102 3191 340 3260 transformata
363 3195 445 3256 ritae
468 3204 500 3257 et
523 3213 657 3256 moruus
679 3193 880 3263 conditione.
921 3193 1065 3256 Plurima
1087 3216 1151 3258 ex·
1177 3204 1187 3222 ⁴

102 3279 215 3366 empla
237 3278 334 3341 huius
358 3297 454 3358 usus,
483 3279 538 3363 qui
559 3277 681 3341 multas·
699 3277 876 3342 uerborum
894 3279 1149 3343 coniunctorum

102 3366 249 3446 formas,
271 3365 369 3428 etiam
386 3363 572 3448 dispariles,
599 3362 713 3444 habet,
744 3363 785 3426 ad
801 3363 951 3428 homines
970 3366 1149 3448 pertinent,

103 3473 209 3538 pauca
226 3450 266 3513 ad
284 3471 334 3512 res
353 3459 502 3512 mutatas.
547 3446 599 3512 Cf.
615 3447 829 3536 Oudendorp.
844 3447 885 3510 ad
901 3449 1149 3530 Lucantuta.

105 3537 199 3599 Cort.
225 3535 264 3599 ad
284 3534 414 3598 Sallust.
448 3533 520 3614 cat.
544 3533 575 3612 5,
600 3537 630 3596 9.
668 3532 738 3620 lug.
763 3540 812 3612 10,
840 3533 871 3597 4.
903 3529 1082 3602 Ruhnken.
1107 3533 1150 3598 ad

107 3619 244 3683 Terent.
272 3620 355 3685 And.
382 3626 412 3698 1,
439 3625 468 3701 1,
495 3623 545 3682 10.
593 3618 707 3684 Graeci
733 3620 848 3682 eodem
877 3617 979 3682 modo
1011 3619 1053 3684 ἐκ.
1083 3619 1149 3682 vid.

104 3701 283 3851 Frotselper
313 3707 354 3770 ad
382 3704 535 3792 Aquilam
560 3701 658 3767 Ron'r.
682 3703 713 3768 4.
749 3713 781 3768 et
808 3701 967 3768 Matthiae
999 3705 1150 3771 Granian.

210 3905 301 3958 Plaut.
318 3906 385 3961 cin.
399 3907 425 3974 3,
441 3908 484 3962 21.
504 3911 528 3962 si
539 3927 644 3979 possam
659 3910 832 3980 tranquillum
840 3911 933 3975 faeere
947 3925 977 3961 er
991 3907 1061 3960 irato
1075 3908 1150 3961 milri.

177 3988 234 4041 Cic.
250 3989 313 4042 nir.
331 3991 360 4043 in
376 3995 455 4046 Gaea.
472 3994 515 4061 17,
528 3993 570 4050 51.
589 3996 750 4064 sedrepente
764 3995 901 4064 evestigio
917 4011 948 4045 aa
963 3993 1066 4046 homine
1079 3999 1151 4044 torn-

174 4091 253 4142 quam
262 4074 351 4140 aliquo
360 4078 459 4129 circaeo
465 4081 655 4147 pooutofaetat
670 4086 708 4131 est
717 4079 816 4131 Verres.
829 4077 877 4129 ubi
888 4075 1059 4145 scripturum,
1068 4089 1152 4143 quam

94 4154 98 4164 '
176 4155 338 4210 Rufinianus
363 4161 531 4229 suppeditat,
565 4157 795 4231 naupraedam,
830 4162 877 4213 sed
898 4164 933 4214 ab
956 4161 1152 4228 interpolatore

175 4242 329 4314 prolectam
344 4259 403 4300 esse
419 4250 493 4314 puto.
527 4245 601 4299 Phil.
608 4245 635 4312 a,
645 4246 670 4313 a,
678 4246 721 4302 22.
740 4246 924 4314 trimegistus
937 4247 992 4301 etas
1008 4261 1038 4300 aa
1048 4253 1152 4301 oratore

674 4357 678 4380 ι
790 4329 883 4392 ’4111
