2758 4726
449 307 773 442 imbrumati.
862 334 869 343 ’
1060 353 1224 476 ona*

79 517 194 590 modo
208 524 257 602 est
280 516 427 586 effictum
443 527 543 604 atque
558 536 717 604 ¹graecum
732 519 850 603 picem
886 517 1126 604 Incinduor-urn

80 607 205 674 fiebant
227 605 356 672 formae
377 603 553 670 nominum
563 599 703 690 jeram,
736 615 767 674 et
782 603 952 695 scrutum,
981 608 1125 691 quorum

81 693 163 760 illud
181 691 373 780 primariam
390 689 562 760 notionem
585 688 733 754 servabat
753 699 849 777 atque
864 688 897 754 id
912 690 1124 776 significabat,

75 779 172 866 :quod
190 777 256 842 fert
274 787 330 842 aut
349 773 473 840 fertur‘c
492 774 595 860 idque
611 773 650 838 ad
667 774 830 846 feritatem
847 773 1124 860 denominandam

81 864 262 930 curatione
280 859 511 940 adhibebatur,
538 879 602 944 qua
620 860 865 928 Germanorum
880 859 966 925 wilci
982 884 1023 926 ex
1044 861 1123 942 wilt·

77 972 170 1026 wan,
189 947 279 1034 quod
294 956 341 1010 est
356 945 498 1025 volvere,
520 941 646 1008 factum
662 955 721 1010 est.
763 945 873 1010 Altera
889 957 997 1011 autem
1012 945 1124 1015 forma

70 1034 226 1122 formum
251 1029 414 1117 ⁴significat
457 1029 567 1116 roprie
584 1029 629 1105 id,
655 1029 748 1117 quod
764 1031 805 1095 ad
819 1028 1004 1114 extremum
1019 1041 1124 1118 usquc

79 1117 145 1184 sert
169 1119 220 1184 vel
244 1114 360 1182 femur.
409 1053 454 1180 ll)

80 1215 112 1270 et
127 1205 163 1270 in
176 1187 393 1289 superlativis,
417 1210 449 1264 et
467 1201 502 1264 in
518 1197 904 1286 vocabulisfiriitimum,
919 1199 1137 1288 legitimum,

80 1289 159 1357 aliis·
173 1287 361 1370 conspicua.
405 1285 496 1352 Tum
515 1303 594 1349 vero
609 1284 762 1376 jermum
786 1286 952 1351 dicebatur
965 1283 1124 1372 firmum,

8 1383 9 1390 ’
80 1372 171 1460 quod
189 1371 307 1451 estid,
329 1371 419 1460 quod
443 1369 483 1436 ad
507 1379 693 1434 extremum
709 1391 810 1458 usque
832 1370 1028 1520 perductum
1044 1395 1124 1460 porr·

442 1137 495 1180 ana
516 1114 596 1178 baec
623 1125 671 1178 est
702 1116 749 1180 vis
778 1116 1020 1182 terminationis
1048 1137 1124 1182 mus
1155 1135 1157 1140 “
1261 1109 1264 1112 ’

79 1468 145 1523 stat
169 1467 224 1522 aut
247 1457 447 1520 continetur.
475 1454 621 1520 Ferme
644 1455 762 1540 igitur,
799 1455 838 1520 ab
853 1456 955 1538 clivus
977 1459 1124 1524 nominis
1215 1481 1221 1500 ¹

69 1541 224 1632 fermus,
247 1542 281 1606 id
298 1542 388 1628 quod
401 1541 502 1628 longa
517 1537 644 1627 syllaba
667 1550 814 1606 extrema
833 1553 1015 1622 monstrat,
1039 1543 1122 1610 dici-

78 1640 135 1692 tur
159 1625 200 1692 de
223 1648 260 1691 re
287 1636 443 1714 promota
462 1623 513 1690 vel
537 1625 712 1714 perducta:
744 1635 841 1713 atque
862 1625 943 1694 haec
964 1628 1059 1700 notio
1080 1627 1124 1713 ad

79 1711 245 1800 duplicem
263 1733 375 1778 rerum
392 1709 697 1776 modumadhiberi
708 1721 841 1860 potest,
868 1722 905 1776 ut
921 1709 1123 1797 significetur

79 1809 111 1863 ct
124 1820 176 1862 res
193 1817 295 1883 usque
313 1807 489 1883 promota,
517 1805 549 1861 et
565 1796 616 1874 id,
639 1817 706 1883 quo
746 1796 787 1862 ad
809 1796 931 1886 aliquid
954 1797 1122 1886 perfertur

78 1895 113 1950 et
136 1882 273 1948 accedit.
324 1881 408 1946 lllu'd
432 1881 501 1944 aliis
522 1880 628 1946 verbis
649 1892 714 1962 est,
735 1883 890 1966 penitus,
914 1882 1030 1963 valde,
1054 1883 1122 1947 hoc

74 1992 181 2056 pene,
194 1987 314 2052 prope.
354 1964 419 2030 Sed
432 1961 561 2051 ferme,
585 1964 694 2050 quod,
713 1965 760 2028 uti
783 1968 887 2032 Varro
908 1977 940 2032 et
953 1967 1122 2033 Charisius¹

79 2054 219 2131 docent,
259 2049 385 2134 antiqui
410 2049 586 2135 scriptores
613 2047 833 2134 usurpabant,

69 2135 206 2226 jermus
229 2132 460 2210 obsolevisset,
490 2133 610 2196 omissa
632 2131 738 2196 littera
763 2153 815 2217 m,
842 2073 940 2200 lielsat
961 2137 1050 2211 lere:
1081 2160 1120 2204 ea

76 2223 186 2287 littera
203 2219 289 2285 enim
307 2240 375 2282 non
393 2218 511 2281 inserta
527 2228 575 2281 est
591 2219 806 2297 extrinsecus,
838 2222 1121 2307 quemadmodum

80 2307 196 2370 Vossio
218 2303 405 2378 videbatur,
443 2300 500 2366 sed
523 2301 663 2383 abiecta,
699 2303 796 2368 veluti
826 2305 965 2392 inrupi
986 2316 1018 2370 et
1038 2307 1121 2374 aliis.

77 2392 185 2477 Atque
208 2391 241 2455 id
268 2378 314 2454 eo*
329 2385 455 2454 facilius
478 2385 564 2452 effici
581 2398 724 2475 poterat,
759 2389 847 2476 quod
870 2389 930 2454 bac
954 2392 1003 2455 via
1019 2412 1119 2456 voca·

77 2476 194 2542 bulum
218 2475 258 2540 ad
281 2495 373 2540 suam
398 2475 558 2562 originem
581 2473 815 2554 reducebatur,
845 2477 934 2561 quasi
959 2496 1000 2539 ex
1015 2473 1118 2564 serus

77 2559 205 2627 factum
228 2569 322 2625 esset.
364 2557 453 2644 Ergo
459 2557 573 2649 ferme
588 2567 620 2621 ct
633 2557 704 2643 sere
720 2579 788 2622 non
804 2559 929 2626 diversa
943 2560 1131 2644 uocabula„

76 2646 135 2710 sed
163 2647 240 2710 duas
271 2644 397 2709 formas
432 2646 525 2730 anius
554 2644 646 2708 verbi
675 2645 947 2733 nuncupabimus.
1001 2644 1118 2732 Neque

75 2731 184 2795 ullum
201 2730 363 2817 reperitur
377 2727 620 2814 significationis
640 2751 762 2815 genus,
787 2731 877 2818 quod
893 2754 963 2796 non
984 2731 1118 2818 utrique

75 2815 207 2882 formae
228 2816 315 2902 apud
340 2816 492 2900 antiquos
509 2814 688 2902 scriptores
711 2816 900 2896 conveniat,
922 2815 1117 2907 necserme,

74 2911 115 2966 ut
136 2902 271 2987 quidam
307 2898 502 2988 opinantur,
539 2910 684 2986 praestat
712 2900 832 2980 maiori
864 2903 903 2967 vi.
919 2914 929 2920 ”
951 2901 990 2966 ln
1021 2901 1117 2968 libris

74 2986 140 3052 scri
167 2985 207 3050 tis
225 2984 360 3072 'ubique
382 2985 461 3077 sere
486 2995 519 3050 et
535 2981 616 3072 sire
639 2983 774 3050 confusa
795 2997 888 3052 suntc
926 2985 1065 3074 dequa'
1078 2991 1116 3054 ro
1143 3001 1150 3012 ⁴

71 3009 247 3140 Dralenb.
264 3071 304 3135 ad
321 3071 391 3136 biv.
404 3075 458 3153 st,
474 3073 526 3150 38,
540 3070 572 3136 6.

159 3195 246 3264 Ilaec
268 3218 369 3284 quum
404 3216 445 3260 ex
474 3197 544 3283 ipsa
571 3191 661 3261 verbi
684 3206 799 3264 natura
823 3193 1006 3284 prodeant,
1040 3202 1114 3263 tum

71 3283 227 3374 ‘analogia
247 3281 440 3350 mirabiliter
464 3302 610 3368 congrua
641 3281 878 3348 confirmantur
909 3283 1114 3368 germanicae

71 3373 217 3458 linguae.
260 3366 299 3434 In
321 3365 382 3432 hac
404 3363 491 3430 enim
516 3365 686 3454 antiquum
709 3379 777 3433 erat
795 3364 992 3432 vocabulum
1007 3378 1114 3449 caste,

76 3454 118 3521 ob
135 3455 291 3521 adiectivo
306 3463 394 3524 ceste
409 3450 544 3528 factum,
561 3452 687 3536 quodsi
712 3449 979 3540 nilicabatja'rme.
1020 3451 1113 3518 Tum

75 3561 154 3604 vero
171 3563 187 3604 a
206 3538 334 3605 saeculo
349 3537 448 3602 tertio
473 3536 599 3600 decimo
622 3477 787 3604 dicebatur
809 3557 871 3627 pro
895 3533 1001 3604 valde.
1024 3536 1111 3602 'Sed

75 3635 227 3710 tempus,
251 3647 317 3712 quo
325 3621 421 3711 fact,
444 3623 589 3710 primum
612 3621 646 3686 in
661 3624 905 3710 comparatione
919 3623 1111 3703 restrictita,

76 3707 194 3773 deinde
209 3711 305 3774 etiam
328 3729 389 3796 pro
406 3706 546 3772 seinata
563 3705 603 3771 de
618 3727 654 3771 re
694 3709 808 3796 ropius
824 3707 994 3773 accedente
1009 3727 1110 3772 usur-

74 3792 148 3894 pari
175 3796 297 3879 coepit,
325 3795 487 3859 recentius
512 3801 560 3857 est
581 3731 699 3859 saeculi
713 3793 842 3884 septimi
854 3791 984 3859 ¹decimi.
1028 3791 1107 3873 Quo

74 3874 268 3962 intelligitur
281 3880 457 3944 notionum
475 3878 639 3964 cognatio.
925 3875 934 3900 ¹

158 4002 329 4068 Praetereo
351 4004 585 4090 explicationes
606 4027 626 4068 a
646 3995 724 4071 viris
748 3997 853 4070 doctis
877 3999 962 4070 male
984 3996 1105 4070 factast

74 4086 134 4154 sed
157 4108 262 4154 unum
284 4091 421 4154 nomino
437 4089 657 4176 Herzogium,
679 4089 735 4188 qui
757 4111 775 4154 a
797 4088 907 4154 multis
926 4090 963 4154 in
987 4089 1046 4156 bac
1068 4111 1106 4154 re

73 4169 239 4242 laudatur.
290 4165 468 4244 Contendit
487 4174 583 4242 enine
602 4174 659 4244 illo
682 4197 719 4243 m
738 4173 888 4324 1ὶῖϋέαά
911 4175 1002 4242 Caes.
1024 4171 1106 4246 But
1128 4190 1140 4206 ‘·
1181 4243 1184 4250 ,

903 2060 992 2116 osten
1016 2073 1121 2140 quum
1209 2121 1210 2126 χ
