2852 4736
229 384 296 452 ess
620 331 882 442 evurlxur.

230 561 256 574 -·
299 527 356 600 r'ion
369 525 761 604 malmesburiensium
786 529 817 583 in
826 543 880 600 quc
896 524 942 582 vir
955 525 1128 584 doctissimus
1134 533 1195 586 'don
1205 527 1280 588 unte
1396 541 1397 546 ’

235 651 238 659 .
297 625 416 680 niteram
425 613 971 689 syllebemtucrtcnminetioniiurcruirc,
990 614 1279 687 chuddreiopinio·

300 704 364 764 udin
377 703 510 768 recurrit,
531 707 559 755 et
574 699 704 770 griseum
724 717 821 756 rocem
842 696 955 756 reiecero
974 695 1278 771 propterce'suppunit,

234 816 237 825 ·
300 799 332 847 ut
340 783 744 862 primitivemsiguiflcetionem
760 803 819 840 esse
832 787 1000 840 demonstret
1008 793 1140 852 statuere,
1159 787 1278 854 definire.

235 918 237 922 -
256 894 272 928 υ
297 880 421 932 'Edrero
435 874 463 928 in
478 872 564 939 letior
578 871 760 940 originatione
774 871 830 925 iem
846 869 1027 941 cognoscitur.
1064 871 1157 938 Quare
1171 877 1280 930 veteres

302 977 410 1018 omnem
425 959 570 1012 veritatem
596 955 662 1010 setis
683 960 859 1025 perspectum*
876 956 1025 1009 habebant.
1067 957 1165 1013 Festus
1188 955 1278 1010 enimc

237 1089 242 1099 .
302 1054 408 1103 teret
436 1045 543 1098 uerbum
562 1042 672 1112 postem
695 1041 725 1094 io
747 1042 797 1110 iic,
830 1053 904 1109 quoe·
914 1041 1067 1107 ficiuntur,
1091 1041 1179 1109 prrood
1198 1039 1281 1110 tergi

302 1130 388 1188 licent.
406 1135 434 1184 et
449 1127 556 1182 Gellius
568 1127 595 1191 2,
611 1123 637 1179 6.
658 1141 719 1179 cum
733 1125 877 1180 macrobio
892 1125 950 1178 Set.
967 1121 994 1189 6,
1008 1123 1035 1177 7.
1061 1123 1138 1178 sicuti
1152 1132 1280 1182 tacere

301 1218 416 1290 praeciso
431 1214 595 1280 crebriusque
611 1216 649 1263 est
666 1227 745 1279 poem
764 1211 939 1282 teoger'e,
964 1211 1035 1267 uode
1047 1211 1139 1278 proerd
1156 1211 1236 1262 dubio
1249 1209 1279 1262 id

203 1325 206 1332 ¹
236 1347 239 1358 .
296 1301 458 1359 ,inclinatum
475 1303 521 1354 eet.
558 1296 686 1348 Ceterum
707 1293 865 1346 blurelrlrius
888 1295 941 1347 hoc
955 1294 1125 1354 vocabulum
1139 1286 1232 1346 censet
1245 1309 1279 1349 ex

304 1384 403 1456 rigidis
422 1384 519 1451 legum
534 1378 698 1434 carminibus
713 1378 743 1431 in
756 1379 880 1448 vulgnris
896 1379 1028 1432 sermonis
1042 1395 1121 1434 usum
1134 1378 1280 1448 migrasse,

304 1477 386 1539 etque
410 1465 627 1534 antiquissimum
649 1481 728 1518 usum
749 1463 886 1526 invenisse
908 1463 963 1520 sibi
984 1464 1095 1518 ridetur
1109 1463 1143 1540 111Ι
1161 1463 1281 1520 termule

236 1557 242 1618 ζ
258 1579 275 1626 ,’,
303 1557 366 1618 dem
382 1554 482 1606 minere
492 1552 580 1620 portis
590 1551 716 1618 seruilius
730 1555 823 1616 taret,
841 1565 923 1624 quem
937 1549 997 1620 ipsc
1011 1551 1046 1603 dc
1059 1566 1110 1604 sue
1123 1549 1280 1604 coniectum

235 1700 238 1710 .
304 1636 463 1706 composuit.
496 1635 532 1687 At
549 1634 759 1690 contrarieeret
773 1633 821 1686 rie
837 1635 992 1705 exvnlgeri
1005 1651 1129 1689 sermone
1144 1633 1173 1686 in
1186 1635 1280 1702 legum

234 1765 240 1772 .
304 1740 391 1778 usum.
425 1721 482 1774 Nee
498 1718 614 1782 debetur
631 1717 709 1788 origo
733 1718 861 1771 vocabuli
882 1719 930 1772 nui
952 1725 1045 1774 eertnc
1061 1719 1215 1784 formulae,
1234 1718 1281 1782 sed

303 1807 408 1862 indoles
422 1803 502 1855 vorbi
520 1802 652 1856 neutralis
675 1807 729 1868 est,
757 1819 811 1872 qun
829 1801 994 1872 significatio
1009 1805 1063 1870 istu
1077 1810 1205 1876 quonium
1220 1821 1280 1856 eorr-

303 1893 371 1963 tinet
386 1888 420 1943 ed
435 1887 544 1941 modum
560 1887 741 1940 deliniendum
757 1888 950 1946 conformetur.
991 1883 1121 1955 Accedit,
1143 1888 1216 1958 quod
1227 1888 1280 1952 iste

235 2021 242 2028 .
303 1975 472 2046 termulano
488 1971 575 2027 letina
589 1969 700 2042 quidem
715 1989 774 2026 csse
789 1976 887 2042 petest.
921 1971 982 2028 vti.
999 1973 1074 2028 inire
1088 1992 1114 2032 n.
1128 1971 1164 2028 6..

237 2097 239 2106 ’
340 2103 541 2172 Infregmcnto
553 2100 625 2170 legis
634 2099 746 2154 rubrius
759 2115 809 2172 per
823 2099 1012 2170 compendium
1027 2100 1157 2154 scribitur
1172 2117 1242 2162 nvrr.
1252 2119 1279 2158 r.

263 2245 265 2250 ,
306 2179 380 2260 quod
393 2185 551 2239 Husehlius
574 2187 764 2246 'documentum
785 2185 861 2248 dicit.
874 2185 1041 2255 lreqnentuti
1058 2203 1121 2240 usus
1142 2188 1170 2240 111
1185 2187 1280 2258 legiti-

304 2271 360 2334 ¹mis
369 2271 412 2339 (i)
421 2269 619 2324 monumentis·
642 2269 678 2322 Ae
696 2269 749 2320 hoe
760 2285 813 2322 nou
828 2270 961 2334 maiorem
973 2267 1059 2324 hebet
1073 2271 1279 2340 proprietatem,

306 2375 389 2426 quem
398 2359 526 2408 sexcenta
537 2352 593 2408 eliu
602 2352 674 2422 sigln
684 2352 713 2405 iu
723 2354 903 2407 monumentis
911 2359 1030 2422 reperte.
1054 2356 1159 2409 Prolms
1167 2374 1193 2423 p.
1202 2355 1279 2410 1566.

291 2461 293 2466 ’
306 2442 408 2511 Papias
422 2437 542 2516 1111669.
563 2444 718 2501 notentur.
735 2443 764 2502 et
779 2435 819 2495 itu
836 2439 921 2504 etiem
934 2438 1037 2514 legitur
1052 2439 1081 2502 in
1097 2438 1191 2500 codice
1206 2441 1279 2498 Geil.

307 2527 351 2581 rd.
367 2526 519 2580 Gocrcheu.
540 2542 566 2594 p.
581 2522 639 2586 432.
726 2515 728 2520 ¹
975 2514 977 2520 ’
1036 2504 1041 2527 ’
1177 2525 1180 2530 ’

241 2713 245 2724 ·
281 2693 286 2710 “
322 2689 422 2770 Quod
438 2687 620 2752 dremtoxet
633 2687 849 2770 scribebatur,
867 2687 992 2776 vulgari
1007 2689 1280 2776 pronuntiatione

239 2776 379 2844 sonabat
399 2774 588 2854 drzrrtexot,
615 2772 713 2860 idque
738 2775 836 2840 etiam
859 2777 1141 2860 soepescripturn
1167 2775 1280 2860 expri-

239 2861 408 2937 mebatur,
433 2858 531 2928 veluti
548 2871 781 2938 veruntamen,
803 2859 1002 2924 identidem.
1034 2861 1116 2924 Vide
1131 2859 1280 2948 inscript.

241 2945 328 3032 upud
346 2945 440 3008 Grut.
461 2965 495 3029 p.
512 2943 585 3020 575,
603 2949 632 3006 l.
654 2955 686 3010 et
706 2945 836 3012 Cellurii
853 2944 1077 3032 Ortho‘groph.
1099 2967 1134 3032 p.
1150 2947 1223 3010 224.
1249 2954 1287 3008 et·

241 3053 276 3124 p.
285 3033 336 3094 60.
379 3029 500 3092 Vltima
516 3027 607 3093 verbi
627 3031 799 3118 antiquitus
820 3027 948 3095 deliniri
970 3052 1037 3094 uon
1056 3039 1177 3124 potest.
1215 3029 1281 3094 Sed

237 3137 329 3181 rurus
353 3123 400 3178 est
422 3113 518 3178 huius
541 3113 691 3180 vocabuli
713 3137 790 3181 usus
812 3115 899 3204 apud
916 3117 1086 3180 comicos:
1117 3115 1150 3178 iu
1174 3114 1281 3179 Plauti

239 3200 418 3264 comoediis
433 3199 533 3264 semel
548 3201 706 3281 occurrit,
729 3202 764 3264 in
781 3201 930 3266 Terentii
948 3223 1120 3288 nusquam.
1152 3199 1280 3264 Adveru

237 3283 332 3350 bium
346 3296 432 3350 reete
448 3285 642 3372 appellabis:
669 3295 780 3360 temen
801 3286 889 3371 quod
903 3287 1054 3354 Bremius
1072 3286 1281 3366 existimavit,

238 3370 338 3435 etiam
356 3371 592 3434 coniunctionis
609 3370 676 3434 vim
691 3369 859 3437 interdum
872 3393 1046 3460 oppororc,
1075 3372 1109 3436 id
1126 3393 1192 3436 nou
1210 3380 1281 3434 tam

240 3453 418 3520 absurdum
434 3455 536 3518 videri
550 3453 657 3534 debet,
676 3475 773 3540 quum
784 3457 968 3531 Goerenzio
982 3458 1088 3525 visum
1104 3467 1161 3523 est.
1192 3455 1280 3522 Nam

240 3541 311 3628 ipsa
334 3542 418 3610 ratio.
450 3538 613 3614 formulae
644 3560 713 3604 nou
737 3553 916 3630 repugnat,
952 3565 1018 3632 quo
1046 3543 1154 3618 miuus
1179 3541 1279 3608 etium

241 3647 317 3696 cum
340 3626 443 3695 verbis
466 3625 693 3710 coniungatur.

267 3805 269 3812 ·
324 3775 353 3834 1.
375 3768 564 3834 Primitivei
588 3770 653 3834 itur
666 3767 815 3846 vocabuli
832 3768 1022 3862 significatio
1043 3781 1108 3852 est,
1125 3781 1180 3852 ut,
1200 3769 1280 3859 quid

238 3877 292 3924 res
307 3855 415 3942 aliquo
441 3787 714 3941 compediendum,
745 3865 778 3920 et
793 3856 909 3942 quibus
926 3851 1280 3938 finibus'coutiueotur,

238 3943 262 4010 i.
278 3964 305 4008 e.
329 3941 397 4006 eius
424 3939 563 4007 ambitus
589 3951 622 4006 ct
646 3941 765 4006 modus
789 3941 1014 4007 coustituetur.
1063 3943 1135 4006 Hoc
1159 3941 1201 4006 ad
1223 3941 1280 4006 ad·

238 4025 343 4092 verbii
375 4024 522 4097 formem
556 4025 740 4107 reducitur,
778 4036 815 4090 ut
843 4023 1025 4092 &meret
1055 4030 1205 4115 primum
1239 4026 1282 4090 sit

238 4109 414 4198 hactenus,
441 4121 589 4191 tuntum,
617 4111 654 4178 iu
677 4121 823 4190 tontum,
853 4110 1016 4182 immeto
1061 4114 1135 4194 Qua
1150 4114 1280 4180 rnu'onc

237 4204 295 4264 eut
312 4217 365 4262 res
382 4195 416 4260 iu
440 4216 476 4260 se
498 4215 621 4282 suoque
644 4205 806 4284 potestate
827 4196 1000 4281 statuitur,
1024 4197 1117 4285 qnod
1138 4210 1207 4283 est,
1231 4196 1282 4264 ed
