2802 4732
604 370 731 442 an
1104 374 1171 443 sss

128 577 130 584 .
187 529 246 586 ucri
258 545 368 600 surpere
379 533 463 604 proto
470 530 562 600 fugo,
583 489 735 599 fluuiosque
745 523 842 582 iuuare
853 542 974 598 rapaces.
1000 528 1168 600 Properti,

120 645 122 652 x
180 617 211 682 Ἰ1,
234 615 277 670 21.
305 632 359 668 ocu
389 613 546 681 (cunerem)
571 622 670 668 ueteres
693 615 813 679 Thebas,
848 613 1052 698 ueoPcrgcmc
1074 631 1171 670 nomeu
1251 613 1255 622 ’

125 745 126 750 ,
185 701 312 767 Homeri,
340 699 475 752 Xersiset
490 698 600 766 imperio
623 700 687 750 dioc
707 699 786 752 coisse
803 699 885 752 ouda.
918 696 1168 766 Tibu11.'2‚4‚17.
1266 735 1268 740 ·

185 805 231 839 aee
242 789 328 853 refero
336 785 448 852 solisque
461 783 520 836 cius
533 790 559 835 et
570 771 666 850 puolisJ
679 783 725 834 uli
739 784 826 835 oricus
839 783 992 853 complevit,
1010 787 1091 836 versis
1104 787 1171 840 luna

187 879 309 926 recurrat
330 869 411 938 spuis.
453 868 531 934 Quae
552 859 644 919 omnia
668 867 741 920 nihil
760 868 893 936 probant,
914 861 965 920 nec
987 867 1077 936 magis
1098 869 1190 924 haee'

124 1013 128 1024 p
185 953 357 1026 Propertl,
370 949 413 1016 16,
427 949 469 1003 11.
487 968 535 1002 uec
549 958 639 1003 tameo
653 953 702 1006 illa
715 969 779 1004 suae
791 960 929 1005 revocatur
942 970 1054 1022 parcere
1064 956 1169 1022 samoe,

167 1044 290 1112 ,turpior
310 1046 337 1091 et
354 1037 435 1090 saecli
454 1036 542 1090 civero
563 1036 678 1088 luxuria.
706 1037 777 1104 qnae
800 1042 847 1088 aut
864 1037 994 1104 corrupta
1008 1045 1069 1091 snut
1084 1041 1171 1094 verba

185 1133 234 1182 aut
248 1141 298 1194 per
311 1119 497 1193 graecismnm
512 1119 587 1173 dictu
600 1136 668 1189 pros
687 1121 794 1190 turpior
809 1120 909 1188 etiam,
922 1127 954 1176 nt
970 1121 1046 1178 vivut
1059 1123 1174 1178 luxuria

186 1210 272 1275 secli..
937 1209 941 1216 '

210 1309 355 1380 Quinctil.
372 1305 398 1374 5,
414 1306 458 1373 14,
470 1305 497 1362 5.
523 1305 586 1376 puio
608 1323 670 1364 vero
689 1308 797 1362 iuterim
817 1315 844 1364 ct
858 1295 1006 1381 propositio
1022 1329 1076 1364 ooo
1092 1317 1172 1382 egeat
1212 1329 1214 1332 ·

186 1397 301 1451 rationis
325 1401 350 1446 et
372 1393 518 1462 assumptio
539 1393 715 1461 probotionis.
758 1394 934 1466 Spaldingins
952 1396 991 1472 ad
1009 1396 1096 1449 hoec:
1121 1395 1171 1464 „in
1198 1419 1201 1424 ·

108 1517 112 1526 .
187 1481 277 1536 altero
291 1478 415 1532 membro
430 1477 523 1530 deficit
537 1477 667 1545 negatio,
688 1476 737 1529 ubi
752 1496 802 1546 pro
817 1487 843 1532 et
857 1480 1034 1548 exspectabas
1049 1499 1104 1534 uec.
1138 1483 1171 1536 Iu
1281 1487 1283 1494 '

184 1565 240 1644 'tali
256 1557 378 1618 oratione
399 1562 526 1631 equidem
541 1579 595 1614 non
610 1561 777 1630 acquiesco,
805 1581 888 1632 quum
907 1565 1039 1638 epemplis
1053 1565 1172 1634 geminis

186 1648 329 1702 destituar.
364 1647 495 1716 Suspicor
516 1654 564 1700 out
577 1665 659 1716 propm
673 1674 707 1688 -
726 1655 774 1700 cut
793 1651 939 1717 ussumpl.“
971 1652 1008 1703 nt
1020 1669 1075 1711 uua
1091 1657 1171 1721 egeat
1199 1641 1203 1648 ⁵

186 1723 437 1802 apte'cohaerent‚
456 1738 487 1786 ut
498 1731 528 1785 in
543 1733 631 1786 altero
648 1725 772 1804 me'mbro
790 1739 900 1802 repetas
915 1741 941 1792 ct
957 1723 1170 1804 assumptiones
1219 1765 1221 1770 ·

187 1824 268 1888 egeat
286 1817 458 1885 probotionis.

103 1931 105 1942 '
203 1925 258 1984 22.
284 1919 500 1984 Grammatici
523 1918 659 2005 quidum
682 1918 913 1984 existimabunt
934 1942 995 2007 per
1010 1919 1171 1987 voeabula
1243 1980 1246 1991 .

119 2015 289 2074 et-cut
311 2002 480 2068 interdum
505 2005 665 2090 componi
695 2009 928 2069 sententiarum
959 2017 1076 2094 partes.
1127 2009 1173 2070 At
1254 2017 1259 2026 ’
1345 2013 1348 2026 ’

120 2113 187 2180 quo
211 2099 407 2179 argumento
435 2090 626 2174 negavimus
655 2089 757 2153 Tom.
778 2088 805 2153 Ι.
835 2112 870 2178 p.
894 2092 969 2168 546.
1000 2102 1077 2178 post
1109 2103 1186 2157 aut·

37 2240 40 2251 ,
119 2180 204 2266 poni
223 2198 321 2264 posse
338 2185 389 2255 et,
412 2173 475 2238 nisi
488 2175 521 2238 in
540 2175 765 2268 anacoluthiae
783 2174 921 2258 formis,
945 2178 1063 2240 eodem
1082 2199 1172 2242 nunc
1242 2195 1246 2202 ·

119 2273 271 2413 mptipum
284 2261 455 2411 pationepn
470 2258 652 2327 abhorrere
674 2283 844 2327 censemus
866 2285 884 2326 a
903 2263 1093 2332 transversis
1110 2286 1180 2330 νοω
1224 2311 1226 2318 .

121 2368 444 2414 caune-au.
514 2411 516 2420 ,
814 2367 818 2379 “
917 2412 927 2421 ,
1008 2373 1012 2386 ·

226 2469 285 2523 Cic.
302 2471 383 2522 Brut.
407 2466 451 2532 48,
472 2465 533 2520 180.
552 2465 599 2519 sed
622 2467 739 2520 omnium
756 2452 895 2520 'oratorum
923 2464 977 2550 slep
990 2511 992 2517 ,
1004 2468 1171 2535 caislarum,

190 2557 237 2627 pai
263 2562 289 2609 et
316 2556 400 2624 place
429 2551 530 2604 indocti
562 2549 610 2604 cist
635 2543 763 2627 'inurbani
796 2559 844 2604 out
875 2552 968 2603 rustici
995 2553 1084 2624 ¹eliam
1108 2556 1173 2618 sue-

187 2649 267 2706 suot,
294 2668 330 2680 —
353 2637 540 2692 solutissimum
563 2637 593 2688 io
614 2636 723 2696 diceudo
744 2643 769 2688 et
792 2637 969 2689 acutissimum
985 2636 1072 2689 iudico
1087 2641 1174 2692 nostri

188 2724 290 2779 ordinis
305 2725 336 2789 Q.
352 2722 506 2776 Sertorium.
541 2719 733 2790 Heusingerns
747 2720 867 2774 correxit
881 2729 929 2774 aut
939 2723 1021 2790 ploce
1033 2723 1134 2776 indocti
1147 2731 1173 2778 c't

190 2809 327 2863 inurbani.
365 2806 420 2859 Sed
438 2819 489 2858 cnr
503 2822 557 2858 non
571 2805 637 2857 sotis
654 2812 714 2859 erat
728 2806 874 2859 restituere
888 2805 1053 2876 scripturam
1070 2809 1173 2862 codicis

191 2890 421 2964 guelferbytani?
454 2891 501 2960 qui
521 2897 546 2945 et
565 2892 648 2960 place
669 2893 767 2955 indocti
788 2892 974 2966 ellemberti,
1010 2901 1059 2948 cut
1082 2894 1175 2949 rustici

191 2981 281 3034 elium'.
649 2985 659 3010 ²
911 3005 914 3011 ·
1063 2983 1065 2987 ’

226 3079 288 3150 Liv.
301 3078 345 3146 39,
360 3077 403 3145 25,
416 3079 442 3132 2.
456 3097 508 3148 pro
520 3078 629 3149 iugenio
644 3081 868 3148 pauperescebat,
890 3081 935 3150 qui
948 3081 1173 3155 priocipcs'legu·
1195 3085 1198 3092 ⁴

190 3167 291 3222 tionum
302 3173 397 3229 crant,
414 3172 440 3216 et
452 3163 546 3234 gratia
562 3181 619 3220 cum
634 3165 756 3233 Philippo
771 3163 907 3232 untedio,
925 3161 1044 3219 acerbius
1059 3169 1175 3224 leniusve
1262 3227 1264 3232 ,

190 3258 313 3324 egerupt.
336 3247 479 3302 Wnlchius
489 3249 535 3299 vel
546 3247 719 3301 scribendum
733 3254 826 3302 censet
840 3260 892 3304 out·
902 3252 1005 3321 gratia,
1019 3253 1065 3304 vel
1081 3253 1175 3306 deleu-
1230 3315 1241 3328 1

162 3367 165 3378 ·
177 3336 263 3401 ,dnm
275 3342 308 3389 ct.
342 3335 470 3387 Fortasse
482 3339 572 3385 tamen
582 3340 657 3386 recte
670 3351 699 3386 so
711 3334 814 3386 habent
825 3334 911 3386 verba
926 3333 966 3388 ita
977 3339 1173 3392 construendas

188 3420 308 3490 quisque
324 3436 419 3470 eorum
436 3417 562 3472 acerbius
577 3419 701 3472 leniusve
717 3425 833 3489 egenmt
848 3437 898 3488 pro
913 3418 1024 3490 ingenio
1039 3429 1067 3475 et
1080 3423 1175 3493 gratia

1098 3509 1104 3518 o

1105 3521 1107 3528 t

111 3571 121 3584 ‚
169 3537 172 3543 ·
193 3512 261 3559 cum
270 3495 405 3573 Philippo
417 3508 465 3557 ont
479 3502 550 3556 odio.
937 3575 941 3585 ι

209 3612 263 3673 23.
281 3592 387 3671 'Recte
404 3589 620 3682 observarunt
634 3604 784 3671 Bromius
801 3606 840 3670 od
858 3607 925 3672 Cic.
942 3608 1174 3690 deFin.1,12.

125 3703 159 3760 et
174 3693 376 3758 Goerenzius
393 3693 432 3758 ad
449 3683 551 3757 Aeadi
567 3697 596 3772 1,
612 3693 711 3772 4‚116.
744 3716 761 3756 o
784 3693 907 3758 Latinis
927 3717 997 3758 non
1013 3717 1088 3758 raro
1106 3719 1175 3782 op·
1280 3695 1281 3698 ’

125 3779 211 3868 poni
224 3776 409 3856 verbulum
423 3813 468 3828 --
481 3789 525 3843 el.
568 3778 654 3842 Num
670 3778 734 3864 ipsi
751 3778 826 3842 hnic
845 3778 980 3843 dictioni
998 3803 1066 3845 non
1083 3781 1175 3848 deest

125 3865 223 3932 ratio.
265 3865 307 3929 At
322 3864 411 3952 quod
432 3864 534 3929 iidem
557 3864 618 3928 viri
633 3866 830 3950 opinantur,
852 3863 949 3928 etiam
965 3889 1025 3953 per
1042 3867 1172 3934 voculas
1232 3901 1236 3906 ·

128 3963 163 4018 et
180 3989 224 4001 -
241 3962 331 4024 tum,
370 3969 431 4038 pne
445 3987 488 4000 --
502 3961 574 4014 tum
603 3973 655 4016 res
678 3949 837 4037 componi
858 3961 1029 4036 tamquam
1053 3963 1173 4038 portes,

128 4037 163 4104 id
181 4058 252 4102 non
277 4057 391 4101 verum
417 4045 484 4116 est,
511 4057 572 4100 nee
595 4037 679 4100 ratio
704 4037 861 4122 suppetit.
910 4037 994 4101 Num
1017 4039 1074 4102 ubi
1099 4061 1175 4106 vere

127 4121 249 4211 legitur
263 4133 340 4186 tum.
354 4130 433 4208 post
449 4131 500 4200 et,
530 4121 707 4207 particulae
734 4120 817 4189 nihil
841 4121 967 4188 habent
987 4133 1175 4216 commune,
1195 4143 1198 4152 '

124 4209 188 4274 sed
203 4220 276 4274 tum
291 4203 356 4295 pro
372 4217 446 4273 tum
462 4205 568 4280 etium
588 4229 647 4294 per
663 4208 859 4295 seponitur.
