2782 4730
601 369 674 436 ux.
950 332 953 340 ’
1094 371 1158 438 ers

115 525 235 614 negotii
254 545 374 614 genus,
404 524 456 593 rel
473 521 514 589 ad
529 523 774 616 professionem
789 524 911 609 studii.
932 525 967 591 iu
992 546 1059 614 quo
1084 525 1157 612 quis

115 624 271 678 versatur.
788 695 791 697 -
1083 644 1085 652 ¹

216 732 289 784 Flor.
306 729 389 794 1,13.
416 729 537 799 virgines
557 747 588 783 er
611 733 757 784 sacerdotio
779 733 880 784 Vestae.
914 729 1025 784 Terenti
1043 731 1114 786 Hee.
1130 727 1158 797 5,

180 816 206 882 1,
222 815 263 870 36.
281 817 349 885 quod
365 817 426 884 pol,
445 817 469 866 sl
483 820 548 866 esset
563 813 619 866 aliu
635 831 665 868 er
680 823 803 884 quaestu,
822 817 870 868 boe
884 811 957 867 baad
967 818 1078 880 faceret,
1097 816 1158 867 scio.

69 951 72 954 .
160 899 199 953 'i.
218 918 242 953 e.
269 901 324 952 ulia
344 898 474 951 mretrix
491 904 633 965 quaestum
654 917 768 967 corpore
782 900 895 953 inciens.
929 901 990 952 vid.
1011 901 1157 958 Ruhnken.

126 1025 129 1032 .
181 985 217 1037 ud
234 986 262 1037 h.
277 984 305 1051 i„
323 982 380 1034 Cio.
396 1000 422 1050 p.
434 982 507 1033 Mur.
521 980 563 1046 36,
580 979 623 1034 75.
644 984 702 1048 fait
723 986 858 1036 endenses
875 985 962 1038 studio
980 985 1023 1036 oir
1042 984 1159 1036 eruditus

182 1061 360 1136 opud‘putres
374 1073 475 1117 nostros
489 1071 514 1116 el
528 1067 650 1117 honestus
673 1068 749 1120 bomo
770 1074 796 1120 el
815 1067 910 1119 nobilis
934 1069 964 1132 Q.
980 1068 1089 1120 Tubero.
1111 1065 1159 1118 ubi

183 1151 328 1204 Graevius.
366 1147 446 1204 Ovid.
460 1149 520 1204 Am.
534 1149 560 1213 2,
575 1147 601 1212 5,
620 1147 662 1202 54.
689 1157 714 1202 el
734 1153 793 1203 uolo
816 1170 869 1204 non
889 1169 920 1205 ea
942 1152 991 1204 liae
1011 1151 1061 1202 illa
1073 1151 1160 1215 juisse

181 1242 255 1290 nola.
290 1234 400 1288 Patron.
411 1231 453 1297 83,
467 1232 656 1302 lapsanas,
673 1241 704 1285 ut
713 1235 799 1300 focile
814 1242 970 1304 appareret,
991 1253 1049 1286 enm
1065 1252 1095 1286 er
1109 1236 1160 1286 lruo

181 1325 247 1370 notu
270 1318 448 1372 litteratorum
469 1335 537 1382 erse,
573 1335 635 1385 quos
657 1318 741 1372 odisse
763 1320 856 1370 diuites
879 1320 970 1374 solent.
1003 1319 1099 1371 Senec.
1126 1318 1159 1372 de

46 1389 50 1399 .
126 1419 128 1422 ·
183 1399 307 1464 Conobi's,
316 1398 341 1455 5.
361 1418 391 1454 eu
405 1402 456 1452 leae
471 1402 521 1454 libi
530 1408 595 1452 nola
609 1391 755 1469 sapientem
769 1402 881 1454 exhibeo.
918 1402 951 1452 de
962 1403 1057 1454 Beuef.
1067 1400 1159 1466 3,9.1.

125 1487 128 1494 '
180 1483 267 1552 Epist.
282 1483 325 1550 52,
339 1483 365 1538 3.
395 1484 450 1539 vid.
466 1484 709 1554 Seiopp.Verisim.
725 1485 751 1552 2,
767 1485 810 1540 18.
834 1487 983 1541 Burmann.
997 1485 1033 1538 ud
1047 1485 1159 1564 Petruu.

127 1585 130 1590 ·
182 1568 282 1622 locum.
1001 1583 1004 1592 ·

198 1713 231 1778 9.
264 1709 524 1793 Compofnuntur
556 1729 631 1772 oum
673 1705 735 1772 hoo
768 1707 1015 1794 praepositione
1047 1705 1160 1771 omnia

116 1792 213 1864 verba
223 1842 233 1874 ,
263 1816 345 1881 quae
360 1795 584 1858 remotionem
600 1804 631 1857 et
649 1793 816 1859 decessum
830 1791 1029 1877 significant,
1055 1792 1159 1854 modo

114 1879 315 1966 intelligatur
337 1900 390 1944 res
414 1878 499 1942 iutra
521 1877 629 1946 luisse.
662 1875 713 1947 cf.
735 1901 769 1943 n.
786 1879 817 1944 4.
844 1879 894 1947 De
916 1878 1051 1948 navibus
1074 1899 1160 1964 pro-

115 1965 188 2052 prie
208 1965 327 2046 dicitur
344 1985 383 2027 ex
399 1984 509 2028 cursu.

221 2081 278 2134 cio.
301 2099 327 2149 p.
344 2081 412 2132 Sall.
429 2079 455 2145 6,
472 2079 514 2134 18.
539 2082 579 2133 ita
594 2081 723 2147 flectebar
740 2081 828 2133 aalma
851 2089 929 2149 alque
938 2083 1108 2152 frangebar,
1125 2087 1161 2135 al

184 2167 263 2218 elium
278 2183 308 2218 en
328 2165 469 2229 memorio,
495 2165 641 2234 quaemihi
658 2165 710 2232 ipsi
726 2168 831 2231 secerni
847 2166 976 2232 insidiae,
995 2168 1161 2234 deponerem.

187 2252 266 2302 (lues.
284 2251 317 2302 B.
337 2247 391 2300 civ.
411 2248 437 2313 6,
452 2248 495 2302 66.
523 2249 595 2301 coins
616 2249 744 2302 adventus
758 2277 794 2291 -
810 2257 911 2304 nostros
919 2251 1059 2318 firmauit,
1087 2257 1118 2306 nt
1133 2266 1161 2304 so

186 2351 218 2391 ea
233 2334 346 2389 anonimo
360 2333 452 2387 limare
463 2334 626 2402 colligerent.

222 2435 282 2489 mv.
297 2433 339 2498 23,
353 2433 395 2499 39,
413 2433 438 2499 1,
463 2434 500 2486 ad
516 2435 668 2504 Philippum
689 2399 796 2505 euplius
815 2435 891 2490 nauis
907 2453 937 2490 er
956 2453 1032 2488 eursu
1048 2435 1160 2504 refugii.

186 2519 230 2585 11,
246 2519 287 2584 19,
302 2518 327 2571 2.
353 2519 499 2576 Brundusii
513 2519 684 2588 legatarium
703 2537 771 2584 esse,
793 2520 831 2572 bis
846 2536 877 2574 er
892 2537 969 2575 corso
982 2520 1162 2590 Dyrrachium

187 2606 306 2658 deiectos.
331 2601 391 2658 via
411 2603 530 2657 Gronov·
547 2604 582 2656 ud
598 2604 678 2660 illum
694 2605 792 2662 locum.

204 2745 255 2804 10.
283 2738 392 2803 Verba
408 2739 599 2824 excludere,
621 2765 738 2811 arcere
753 2762 820 2805 non
839 2761 913 2804 oum
930 2763 988 2818 ex,
1013 2738 1069 2804 sed
1085 2761 1161 2806 cum

120 2825 410 2912 upraeposiiioue
443 2833 699 2914 componuntur.
759 2828 869 2907 Quare
902 2815 998 2887 dubia
1022 2835 1069 2888 esi
1097 2848 1161 2904 res,

120 2930 223 2997 quum
252 2911 377 2974 codices
401 2909 535 3016 plurimi
570 2912 725 2976 exhibent
758 2909 845 2998 apud
876 2911 995 2974 Lucan.
1026 2913 1056 2974 3.
1088 2912 1160 2976 588.

118 2994 272 3084 omnibns
291 3019 309 3058 e
326 3007 426 3059 terres
443 2998 474 3060 si
489 3021 549 3061 nos
567 3021 682 3063 arcere
694 2995 863 3086 parabas.
912 2995 1019 3059 Nemo
1035 2997 1162 3085 aceepit

117 3091 250 3174 praeter
267 3080 554 3169 Oudendorpium.
980 3087 981 3090 ’

204 3241 255 3300 11.
287 3233 578 3315 Quemadmodum
611 3257 662 3300 res
694 3233 846 3299 dicuntur
876 3255 919 3298 ex
943 3233 1053 3319 aliquo
1081 3233 1160 3299 loeo

120 3320 244 3401 emilii,
277 3321 322 3384 ita
349 3323 445 3386 eliam
473 3320 513 3384 de
547 3320 684 3406 delapsis
717 3332 748 3385 et
778 3320 907 3384 deiectis
937 3321 1034 3387 rebus
1066 3330 1097 3384 et
1120 3322 1161 3385 de

121 3407 388 3491 descendentibus
407 3417 583 3494 usurpatur
605 3429 662 3486 ex,
685 3417 717 3470 et
734 3407 773 3470 do
790 3405 1045 3492 dependentibus
1070 3415 1101 3470 et
1121 3405 1162 3470 de
1267 3403 1272 3418 ’

119 3491 218 3555 rebus
232 3515 274 3556 ex
297 3491 363 3556 alio
380 3493 486 3566 missis
502 3492 553 3556 vel
572 3490 647 3556 iude
669 3494 786 3579 petitis.
830 3490 1056 3577 Dependentes
1073 3492 1162 3556 enim

118 3597 171 3639 ros
197 3579 286 3641 exire
310 3577 462 3650 videntur
486 3599 526 3641 ex
547 3601 601 3656 re,
623 3597 763 3665 quacum
784 3575 972 3648 cohaerent.
1015 3575 1079 3641 Sed
1094 3575 1162 3642 boo

119 3662 248 3726 nullone
265 3664 412 3750 aequales
428 3674 505 3728 sunt
527 3686 567 3728 err
586 3673 618 3728 et
634 3661 686 3728 de.

225 3782 282 3836 oio.
300 3783 332 3835 de
348 3785 418 3842 Folo
433 3783 459 3850 3,
476 3783 501 3838 6.
529 3785 592 3854 quid
605 3784 701 3834 mirans
714 3783 815 3852 igilur,
840 3801 871 3837 ea
886 3785 1010 3853 spelunea
1026 3797 1118 3837 sunum
1133 3783 1162 3837 in

190 3883 269 3919 erura
284 3869 337 3920 eius
354 3870 479 3923 cecidisse.
520 3869 579 3924 niv.
595 3866 637 3934 35,
651 3867 698 3930 21,
708 3864 733 3921 6.
762 3884 854 3918 sarum
870 3869 965 3938 ingens
980 3897 1014 3911 --
1031 3869 1060 3920 in
1077 3869 1161 3922 oleum

189 3951 365 4022 iugarinmes
378 3953 500 4022 capitolio
511 3954 634 4026 procidit.
671 3949 880 4016 cml.8,11,12.
902 3969 963 4024 quos
978 3957 1162 4019 erpruernpioe
1200 4011 1202 4024 Ι

188 4053 254 4104 rupe
267 4037 354 4104 lapsos
368 4039 453 4089 amnis
467 4040 657 4106 praeterfluens
671 4036 768 4089 bausit.
811 4035 868 4089 cic.
883 4056 909 4105 p.
924 4037 1028 4088 cluent.
1045 4033 1086 4098 32,
1101 4033 1160 4088 175.

189 4120 310 4171 cecidisse
329 4135 360 4174 ea
382 4137 444 4194 epto
465 4121 569 4176 dieitur.
601 4121 634 4176 de
657 4123 727 4178 Fato
742 4103 768 4188 3,
784 4117 810 4176 5.
833 4121 865 4177 de
888 4139 952 4194 epar
974 4119 1112 4174 cudero-'-
1130 4135 1162 4174 en

189 4203 239 4261 loa
252 4219 325 4277 equo.
870 4220 873 4231 ¹
