2802 4732
248 400 313 468 aaa
668 362 674 374 ’
727 385 834 464 ΕΤ.
926 374 930 392 “

318 523 416 608 mirum
430 554 488 614 erl,
504 544 663 618 pramrtlsn
677 544 708 598 in
715 547 813 611 furere
825 541 913 598 satas·
925 547 953 598 et
966 543 1113 611 amiate,
1131 545 1218 602 multa
1232 547 1309 602 illm

253 651 256 658 ’
292 683 299 693 .
320 645 346 693 et
358 645 384 690 tc
394 633 534 702 fefellisse.
552 647 603 700 pro
617 637 644 684 et
658 629 735 682 illum
753 636 779 683 et
796 636 830 682 le.
897 686 902 692 .

229 811 234 818 ,
336 742 387 803 12.
412 718 576 798 Non'rara
588 743 703 798 tamen
719 741 796 796 sunt
812 730 986 819 exempla,
999 731 1035 795 in
1051 732 1171 820 quibu's
1185 745 1310 802 et—et

252 825 303 892 bis
321 821 467 912 positum
483 841 554 884 non
571 819 744 898 cohaeret,
759 817 817 882 sed
828 817 1095 904 unumquodque
1108 820 1309 908 singularem

251 908 352 978 habet
367 909 550 982 rationem,
577 927 660 994 quae
674 906 872 1008 interpretes
894 926 991 992 saepe
1005 903 1136 992 fefellit.
1293 901 1298 910 ’

358 1029 416 1083 cic.
435 1029 514 1082 Brut.
531 1025 576 1090 21,
590 1023 635 1080 81.
662 1025 709 1101 sed
728 1023 788 1076 uisa
811 1024 912 1079 Catane
931 1007 1057 1078 minares
1069 1033 1138 1080 autu
1159 1028 1241 1082 multi
1258 1047 1309 1083 uro

321 1122 437 1183 ternpore
454 1117 573 1165 oratores
591 1113 753 1178 floruerunt.
789 1109 899 1164 Nam'et
915 1111 948 1163 A.
964 1111 1094 1178 Aldiaus,
1119 1114 1201 1182 aqui
1214 1133 1310 1185 graece
1379 1171 1380 1178 χ

320 1200 427 1269 scripsit
440 1195 588 1259 historiam,
604 1195 651 1263 aui
664 1194 755 1247 eousul
769 1209 829 1245 cum
844 1195 876 1246 Is.
885 1195 994 1248 Ιαισιιῐῑο
1002 1197 1078 1262 suit,
1098 1201 1124 1249 ct
1137 1197 1273 1252 litteratus
1286 1205 1311 1252 ct
1379 1189 1380 1194 ¹

323 1281 515 1347 disertasJuits
530 1286 556 1332 et
565 1279 652 1358 lenuit
663 1295 721 1352 cum
737 1280 786 1332 isse
799 1279 884 1332 laeum
899 1281 1038 1348 auemdmn
1051 1281 1131 1334 etiam
1138 1284 1313 1338 Serestus·

324 1377 351 1424 et
370 1384 427 1420 uua
450 1366 507 1417 Ser.
523 1363 624 1416 Fabius
636 1363 733 1416 Pictor.
768 1364 844 1416 Male
863 1363 957 1418 dicunt
972 1383 1036 1418 nam
1052 1374 1079 1421 et
1092 1366 1175 1420 alteri
1190 1373 1215 1420 ct
1230 1369 1313 1422 tenuit
1379 1377 1380 1380 ’

323 1449 500 1522 respondere.
535 1448 648 1501 Sueton.
663 1449 734 1517 Aug.
750 1445 793 1501 78.
821 1450 857 1500 sic
875 1467 973 1518 quoque
988 1468 1066 1518 saepe
1079 1452 1206 1521 indigeas
1219 1452 1311 1517 sumai,

272 1547 279 1560 '
324 1548 351 1595 et
367 1531 491 1604 damper
505 1533 575 1586 uicos
590 1534 794 1602 deportaretur,
820 1541 845 1586 ct
860 1535 980 1603 deposita
994 1535 1102 1602 lectica,
1123 1537 1193 1589 inter
1210 1535 1312 1606 aliquas

324 1640 414 1680 maras
436 1620 641 1684 condormielat.
674 1635 756 1687 quem
785 1617 878 1670 locum
911 1618 1086 1689 Oudendorp.
1107 1637 1160 1674 non
1185 1622 1312 1692 expediit.

232 1708 264 1780 ᾗ
327 1709 429 1765 Sensus
451 1702 525 1756 enim
547 1707 605 1754 est:
629 1700 652 1754 si
676 1701 784 1769 quando
804 1701 894 1754 somni
915 1702 1074 1774 indigebat,
1093 1705 1158 1759 duan
1172 1724 1224 1775 per
1238 1708 1312 1759 vicos

325 1793 532 1859 deportaretur,
543 1785 622 1854 (vide
630 1803 656 1854 p.
663 1785 740 1852 ³18.)
757 1791 785 1838 et
800 1791 857 1838 tum
865 1787 989 1854 deposita
997 1787 1099 1844 lectica
1114 1791 1308 1860 ethuinctil.

202 1864 219 1938 ,¹
318 1876 404 1944 ἱ11),1,
412 1871 456 1927 24.
472 1872 535 1941 puin
550 1871 632 1924 etiam
648 1872 752 1923 easdem
767 1888 874 1936 caussas
888 1874 1006 1942 atrisque
1019 1875 1071 1926 crit
1085 1874 1160 1927 scire.
1196 1875 1268 1928 Nam
1281 1877 1312 1929 dc

328 1963 406 2016 domo
423 1956 555 2011 Ciceronis
571 1957 639 2011 diait
656 1955 790 2022 Calidius,
815 1963 843 2008 et
862 1975 912 2026 pra
931 1955 1031 2028 Milape
1055 1959 1203 2011 arationem
1214 1960 1314 2012 Brutus

328 2041 523 2102 exercitationis
537 2041 634 2110 gratia
649 2041 769 2110 scripsit,
787 2041 891 2095 etium
901 2037 1058 2110 egisse'eum
1072 2042 1212 2094 Cornelius
1227 2042 1314 2107 Celsus

280 2197 281 2202 Ἰ
323 2133 399 2200 falso
422 2127 562 2189 existimat.
584 2145 585 2152 ¹
615 2125 653 2179 Et
682 2126 820 2180 Pollia-et
847 2126 965 2178 Messala
996 2128 1173 2192 dsefeaderunt
1203 2129 1312 2180 easdem.

327 2213 447 2269 Fallitur
463 2209 657 2279 Spaldingiur,
680 2227 763 2279 quum
780 2211 860 2263 docet
877 2218 903 2265 et
917 2205 954 2248 -’
969 2219 1000 2278 εε-
1017 2210 1065 2284 hic
1087 2213 1184 2265 valere
1207 2221 1265 2266 tam
1281 2241 1313 2251 —

327 2317 415 2372 quam
436 2297 522 2351 'Nam
537 2296 656 2348 alterum
675 2290 705 2348 et¹
717 2285 862 2366 coniungit
868 2295 1040 2378 Kupivarsam
1059 2296 1243 2374 mutantium,
1260 2302 1315 2351 ter·

236 2419 254 2452 Ι.
328 2385 452 2452 tiumque
468 2380 545 2434 addit
560 2381 726 2449 exemplum.

346 2491 399 2552 18.
420 2484 523 2550 Sicuti
543 2482 631 2570 apud
648 2484 789 2548 Graecos
806 2479 862 2563 fit,
885 2475 988 2548 atiani
1009 2506 1027 2548 a
1048 2482 1174 2548 Latinis
1196 2445 1232 2550 iia
1254 2484 1314 2549 hae

141 2578 144 2592 '
239 2641 242 2650 ,
262 2570 638 2656 rcrumeompositione
653 2591 724 2632 non
739 2590 871 2654 semper
887 2579 1026 2653 utraque
1041 2593 1117 2656 pars
1138 2571 1179 2636 ad
1196 2593 1315 2656 aequa-

263 2659 364 2724 litatis
387 2656 553 2746 rationem
575 2654 736 2740 exigitur,
783 2649 841 2718 sed
866 2655 966 2718 altera
988 2667 1135 2743 praestat
1158 2657 1316 2744 peculiari

263 2743 381 2810 modo.
422 2741 536 2826 Itaque
552 2742 664 2828 primo
677 2741 753 2826 loeo
772 2739 806 2802 id
829 2738 984 2827 ponitur,
1015 2743 1104 2828 quod
1121 2744 1316 2828 generaliter

265 2830 404 2909 dieitur,
423 2836 486 2906 ¹aut
502 2827 610 2912 quod,
648 2826 710 2890 nisi
733 2825 872 2890 alterum
897 2827 1106 2911 peculiariter
1127 2838 1212 2892 esset
1235 2827 1316 2894 effc-

263 2913 425 2990 rendum,
447 2923 618 2998 tamquam
635 2909 800 2995 reliquur'n
815 2911 961 2978 secundo
981 2913 1061 2978 loco
1083 2914 1237 2979 accedere
1260 2915 1318 2978 de-

264 3002 383 3068 beret,
411 2997 502 3062 Tum
523 3012 556 3062 et
569 3035 613 3046 -
627 3008 661 3062 et
681 2997 769 3061 idem
785 3007 833 3060 est
849 2997 941 3083 quod
960 3021 1062 3085 quum
1075 3038 1119 3048 —
1135 3005 1220 3064 tum.
1257 3002 1316 3064 Aa·

266 3109 331 3176 que
346 3087 415 3173 ipsa
430 3083 518 3148 haec'
533 3082 689 3148 voeabula
710 3083 745 3146 in
767 3081 903 3146 illorum
922 3083 1035 3150 locum
1051 3085 1227 3150 substituta
1242 3096 1320 3150 sunt

257 3165 575 3246 *allbrariisintiia
592 3169 631 3234 de
648 3167 741 3232 Or'at.
760 3173 858 3250 1,37‚
877 3173 947 3233 170.
999 3197 1011 3230 υ
1120 3191 1121 3201 ’

371 3272 428 3326 cie.
442 3274 521 3326 Brut.
536 3269 580 3334 42,
594 3267 653 3323 156.
673 3271 713 3323 ita
727 3288 855 3338 prorsus,
874 3271 975 3340 inquit,
992 3276 1019 3325 et
1034 3275 1115 3324 antea
1128 3263 1273 3339 putabant,
1284 3298 1318 3310 ·-

332 3365 359 3412 ct
368 3375 439 3411 nunc
454 3375 539 3410 meum
551 3357 677 3408 iudicium
692 3357 775 3407 multa
790 3357 879 3426 magis
890 3357 1020 3422 confirma
1032 3353 1178 3409 testimonia
1187 3361 1213 3407 et
1222 3355 1320 3407 iudicia

264 3495 266 3502 ,
331 3460 397 3496 mea.
423 3461 451 3511 p.
471 3440 564 3508 Quint.
580 3440 605 3504 1,
620 3438 650 3498 d.
676 3440 753 3491 tama
774 3446 800 3492 cl
816 3440 845 3491 iu
861 3440 922 3494 aliis
942 3440 1042 3493 caussis
1054 3439 1226 3505 eeeroitatus,
1252 3447 1278 3493 et
1293 3440 1320 3492 ia

272 3538 275 3544 '
333 3529 385 3582 aaa
399 3529 639 3595 multumetsaepe
653 3531 781 3577 uersatus.
1141 3568 1152 3588 „

364 3612 422 3665 Cic.
434 3611 468 3662 de
483 3610 553 3661 Fato
570 3607 595 3672 1,
611 3606 637 3662 2.
656 3610 733 3678 idque
748 3605 781 3660 ‘et
804 3623 882 3676 saepe
906 3607 978 3674 alias
1002 3615 1027 3662 et
1049 3605 1171 3677 quadam
1187 3608 1317 3669 liberiore,

331 3681 552 3766 pream'solelat,
585 3699 611 3746 et
631 3693 721 3764 magis
743 3709 826 3745 uacua
850 3693 884 3744 ab
906 3693 1088 3746 inventoribus
1113 3691 1164 3745 die.
1192 3693 1266 3746 coni.
1285 3689 1318 3744 ad

331 3779 478 3850 delseas.
496 3777 572 3830 Iacet.
591 3794 618 3848 l':
634 3775 694 3830 395.
714 3777 748 3829 de
764 3777 842 3830 Orat.
857 3775 923 3842 1‚t,
938 3775 982 3829 38.
997 3784 1096 3846 pater,
1111 3777 1189 3829 loma
1201 3777 1319 3846 praedem

331 3873 358 3920 et
369 3866 479 3935 graiis,
498 3863 704 3930 haudquaquam
718 3862 856 3928 emaum,
874 3868 899 3916 et
913 3877 993 3931 saepe
1007 3862 1077 3914 aliut
1089 3869 1115 3916 el
1129 3863 1246 3916 merisne
1260 3877 1316 3913 cea-

330 3965 375 4004 ecr
389 3950 473 4002 saluti
485 3949 525 4008 rei
535 3947 657 4017 publicae
666 3946 734 4013 suit·
857 4013 861 4024 ,

350 4053 401 4116 14.
428 4052 465 4116 si
478 4069 618 4136 magnus
634 4059 684 4114 est
699 4068 856 4114 numerus
873 4067 988 4118 rerum
1006 4045 1175 4134 impartes
1203 4042 1318 4109 ‹listri-

265 4132 440 4220 butarnm,
476 4146 624 4200 extrema
647 4157 761 4200 earum
785 4133 917 4200 additur
942 4155 1005 4220 per
1027 4131 1229 4198 vocabulum
1246 4151 1318 4217 po-

263 4231 407 4306 stremo,
433 4231 531 4310 atque
554 4223 600 4298 ita
624 4221 708 4288 ordo
733 4242 848 4315 rerurn
871 4219 1043 4288 clauditur.
