2782 4730
264 395 327 458 630
409 415 415 426 ’
753 385 825 454 EX.

268 541 377 610 verbis
395 565 413 608 c
431 543 502 606 loco
513 561 542 606 v.
557 563 593 628 p.
609 541 684 607 864.
715 537 750 604 E
765 539 908 626 uestigio
922 539 979 626 qui
993 537 1091 602 etiam
1108 559 1180 603 non
1195 538 1313 605 addito

268 631 406 696 nomine
429 629 591 715 temporis
615 624 795 712 significare
820 636 937 712 putant
953 635 1113 713 punctum
1136 629 1313 712 temporis,

269 716 424 779 notiones
454 711 689 778 vocabulorum
726 709 947 776 confundunt.
1001 709 1088 772 Nam
1118 733 1136 774 e
1165 711 1314 798 vestigio

269 799 354 866 nihil
375 809 424 863 est
445 799 507 862 nisi
530 798 654 878 edoce,
680 794 750 884 osef
765 796 826 861 der
842 796 964 859 Stelle:
999 815 1081 879 quae
1106 797 1222 860 omnia
1245 799 1314 860 im·

269 907 333 972 pro
360 886 407 948 rie
432 883 473 946 od
495 894 625 970 tempus
645 903 798 970 praesens
821 880 1020 946 referuntur.
1063 881 1170 968 Atque
1190 882 1315 948 eodem

269 907 372 1036 mocio
397 970 515 1034 dicitur
538 970 575 1032 iu
601 968 754 1055 vestigiO.
841 975 844 982 '

371 1089 552 1160 Virgil.·Aen.
567 1088 592 1156 Β,
608 1087 650 1142 43.
671 1090 713 1141 lic
731 1089 800 1141 locus
816 1087 890 1139 urbis
903 1088 970 1154 crit,
988 1083 1088 1155 requies
1103 1103 1136 1138 ea
1149 1092 1224 1140 certo
1238 1088 1315 1140 lelo-

337 1193 411 1231 rsmr
431 1191 464 1227 cx
486 1192 535 1244 quo
551 1183 591 1226 ter
611 1175 684 1228 dorsis
703 1175 793 1226 erlem
810 1174 976 1226 redeuntibus
999 1170 1078 1223 onnlr
1094 1171 1227 1222 Asconius
1246 1171 1317 1225 cleri

338 1262 431 1314 condet
444 1260 605 1329 cognominis
620 1260 725 1312 Aliam.
744 1257 763 1310 i.
780 1275 804 1312 c.
825 1257 942 1311 condere
956 1255 1069 1319 urbem,
1088 1258 1119 1306 ut
1137 1271 1171 1306 cx
1185 1271 1238 1307 sno
1251 1255 1314 1308 loco

336 1349 432 1414 surgat
447 1349 493 1396 aut
508 1349 647 1411 appareat
682 1345 724 1398 cf.
741 1343 874 1398 Giinther.
893 1344 923 1396 in
937 1342 1079 1395 Athenaeo
1093 1338 1152 1390 Vol.
1168 1337 1193 1391 1.
1211 1355 1240 1406 p.
1253 1339 1315 1394 22⁰.

338 1429 413 1482 Male
430 1427 632 1498 explicuerant,
653 1445 687 1485 cx
701 1446 754 1498 qno
777 1435 900 1499 tempore
922 1431 970 1484 ent
989 1422 1136 1478 secundnm
1158 1423 1233 1492 qnod
1250 1441 1316 1494 por·

338 1521 452 1568 tentam.

376 1618 454 1670 Caes.
468 1617 502 1670 B.
511 1617 577 1686 gall.
591 1614 617 1680 3,
632 1615 675 1669 20.
693 1617 795 1686 copias,
815 1635 881 1686 psas
892 1617 923 1669 in
937 1614 1055 1670 convalle
1068 1629 1102 1666 ex
1116 1611 1224 1665 insidiis
1237 1613 1318 1666 cosse

339 1707 481 1766 caverent,
499 1702 674 1755 ostenderunt.
691 1698 710 1753 i.
728 1717 752 1753 e.
773 1705 804 1754 ul
817 1706 921 1766 essent,
938 1705 969 1754 nt
982 1703 1096 1768 agerent
1109 1713 1143 1749 ex
1157 1694 1280 1751 insidiis.

375 1803 420 1853 Ex
442 1784 530 1855 solido
554 1821 607 1856 esse
631 1802 740 1856 Curtius
759 1802 828 1856 dixit
842 1802 909 1869 9,2,
927 1801 970 1856 14.
995 1801 1066 1872 quod
1088 1797 1162 1870 apud
1180 1798 1319 1854 Senecam

339 1885 372 1938 de
386 1887 482 1940 Benei.
499 1887 524 1952 3,
539 1883 574 1941 l,
585 1893 626 1942 est
639 1889 668 1940 in
682 1887 766 1941 solido
780 1905 841 1942 esre.

376 1989 433 2042 Cic.
449 1989 483 2041 de
499 1989 554 2043 0ff.
568 1989 594 2055 3,
608 1990 634 2056 l,
649 1989 692 2043 33.
720 1992 757 2044 cd
773 2007 838 2059 quor
851 1991 924 2060 ipsos
938 1990 1138 2043 consultationes
1153 2006 1187 2042 cr
1198 1992 1318 2059 superio-

341 2074 414 2127 ribus
437 2076 511 2128 libris
532 2075 597 2126 sotis
618 2075 704 2128 multo
731 2081 872 2144 praecepto
900 2082 970 2128 sunt.
1022 2075 1100 2141 Quae
1125 2074 1318 2145 Heusingernn

341 2165 498 2226 comparat,
522 2175 575 2210 non
598 2151 739 2227 quadrant.
773 2159 889 2212 Beier-us
907 2158 1054 2228 explicuitr
1081 2175 1115 2212 ex
1128 2159 1318 2227 superioribas

341 2243 467 2298 Panaetii
481 2233 562 2311 libris,
573 2243 741 2312 deprompta.
778 2243 881 2310 Quidni
894 2259 961 2296 vero
977 2243 1064 2296 mults
1080 2259 1113 2294 en
1128 2243 1318 2310 superioribus

343 2328 446 2382 libris?
473 2327 492 2382 i.
518 2344 542 2380 e.
566 2323 736 2396 superiorirm
754 2326 897 2383 librorum.
931 2328 1036 2382 Eodem
1055 2327 1136 2382 modo
1160 2327 1195 2380 de
1217 2329 1318 2393 Fini,

343 2411 371 2480 ὅ,
384 2411 426 2464 13.
447 2411 510 2464 vide
526 2405 619 2481 pure

379 2513 503 2568 Caes.'B.
518 2516 585 2583 gell.
606 2514 632 2581 4,
648 2513 673 2568 is.
702 2531 812 2584 quorum
835 2531 877 2567 eor
898 2530 914 2568 c
933 2513 1045 2585 vestigio
1063 2517 1200 2586 poenitere
1219 2533 1318 2570 ricomer

342 2604 389 2652 cst.
423 2600 457 2653 B.
476 2598 528 2650 cir.
549 2599 633 2664 212.
657 2600 811 2668 quominus
827 2627 861 2638 ·-
874 2600 911 2652 orl
929 2605 1021 2651 nutum
1043 2615 1058 2651 e
1079 2600 1196 2670 uestigio
1221 2603 1319 2668 diripe-

342 2689 442 2736 rentur.
478 2681 535 2735 Cic.
553 2682 644 2738 Divin.
667 2683 695 2735 in
711 2684 792 2736 (laec.
810 2682 853 2749 1⁷,
869 2679 912 2736 57.
943 2683 988 2734 sed
1002 2690 1106 2751 repente
1124 2685 1274 2755 evestigio
1290 2701 1319 2736 cr

340 2767 445 2820 leonine
459 2769 593 2832 —soctus
608 2776 646 2820 ert
663 2769 763 2822 Verres.
781 2782 852 2836 quas
872 2765 987 2822 sirecte
1003 2767 1119 2837 ceperis,
1132 2768 1229 2824 nullus
1245 2769 1320 2822 ride·

343 2849 419 2902 bitnr
432 2867 490 2904 esse
504 2850 683 2918 pleonasmus.

357 2969 411 3030 30.
443 2965 555 3046 Quum
572 2967 623 3045 id,
650 2967 740 3056 quod
762 2967 1002 3055 conspicimus,
1032 2965 1073 3031 ad
1088 2987 1151 3044 nos
1171 2979 1321 3056 spectare

237 3101 241 3108 .
276 3049 443 3133 videatur,
475 3052 567 3116 locus
593 3052 727 3119 alicuius
753 3056 802 3119 rei
821 3055 866 3118 ita
887 3063 998 3140 potest
1021 3051 1167 3133 definiri,
1205 3064 1242 3117 ut
1269 3077 1321 3118 res

180 3169 183 3174 ·
277 3158 320 3202 ex
343 3160 381 3201 eo
403 3139 608 3224 prominere,
642 3141 691 3204 vel
721 3140 798 3203 inde
829 3139 1019 3226 prospicere
1048 3148 1080 3203 et
1105 3137 1219 3224 aliquo
1238 3163 1322 3204 con-

275 3223 358 3287 verti
382 3223 516 3287 dicotur.
572 3223 625 3287 Sic
649 3235 894 3289 commutantur
915 3222 973 3287 arbi
994 3219 1029 3287 'et
1051 3218 1152 3287 unde.
1198 3225 1323 3290 Dicunt
1360 3239 1361 3282 l

275 3309 375 3394 igitur
389 3309 495 3374 Latini
510 3333 528 3376 e
541 3311 700 3396 regione,
720 3333 761 3374 ex
777 3309 938 3390 aduerso,
961 3332 1000 3372 ecc
1016 3308 1213 3390 contrario,
1234 3310 1322 3398 quod

277 3403 327 3458 est
342 3415 383 3460 ex
400 3395 498 3460 ultera
516 3409 626 3482 parte,
647 3419 688 3460 ex
705 3392 852 3476 diverso,
867 3415 936 3458 non
954 3394 1056 3458 modo
1078 3394 1233 3460 derebus
1248 3397 1323 3460 inde

279 3479 562 3566 progredientibus
590 3492 644 3544 aut
668 3482 809 3562 emissis,
836 3479 1015 3544 sedetiam
1040 3479 1079 3544 de
1099 3480 1157 3564 iis,
1184 3502 1274 3568 quae
1291 3482 1322 3546 in

278 3563 434 3647 adverso,
453 3565 489 3628 in
503 3567 636 3654 regione
652 3568 758 3654 posita
774 3577 862 3632 sunt.

380 3685 459 3737 (laer.
481 3686 515 3739 B.
537 3687 603 3755 gall.
620 3686 645 3751 7,
659 3685 701 3740 35.
728 3687 843 3738 silvestri
864 3687 918 3739 loco
942 3685 1036 3738 cestris
1053 3682 1164 3754 peritis,
1183 3701 1200 3736 e
1214 3687 1322 3756 regione

342 3769 422 3820 unius
436 3787 523 3822 eorum
538 3773 670 3840 pontium,
688 3786 750 3841 quos
767 3771 964 3838 Vercingetorix
974 3769 1156 3822 rescindendos
1171 3777 1321 3822 mouserot

342 3849 369 3915 l,
387 3851 429 3904 36.
455 3861 514 3906 eret
533 3873 547 3908 e
568 3856 676 3924 regione
702 3853 793 3924 oppidi
814 3854 887 3907 collis
906 3855 953 3906 suls
974 3855 1038 3922 ipsis
1059 3853 1198 3906 radicibus
1218 3855 1321 3908 montis.

343 3935 370 4001 1,
379 3933 422 3988 25.
441 3945 511 3990 rotcr
528 3941 643 4007 duplices
657 3967 691 3978 -
704 3955 719 3990 e
732 3938 840 4006 regione
854 3937 929 3990 molis
943 3938 1094 3990 collocclnt.

380 4039 450 4093 llum
463 4039 571 4118 dativo:
596 4021 681 4096 Caesi
690 4040 761 4093 Bell.
777 4041 844 4109 gall.
861 4039 887 4105 7,
905 4037 948 4093 35.
974 4057 1052 4110 munt
1066 4067 1100 4078 —
1110 4041 1173 4105 sere
1187 4055 1204 4090 e
1216 4041 1321 4108 regione

342 4125 436 4176 castris
450 4133 540 4178 cestro
553 4131 661 4193 poneret
680 4131 733 4178 etc.
768 4125 826 4178 Cic.
842 4125 926 4179 Acad.
942 4125 968 4190 2,
978 4125 1021 4190 39,
1035 4123 1094 4177 113.
1113 4137 1198 4176 essee
1214 4124 1321 4195 regions

337 4207 416 4261 nolio
433 4235 467 4248 -
484 4211 529 4277 qui
544 4210 662 4267 aduersis
675 4212 795 4284 uestigiis
810 4219 873 4269 runt
889 4217 1089 4288 contraeontra
1108 4208 1235 4280 congia

1347 4427 1357 4684 l
