2814 4734
519 381 719 468 cquvt.
1076 391 1138 459 trs

157 541 574 611 &immensissimas
592 537 889 612 manaimus·
906 545 986 612 etp-e
1007 542 1139 605 tm.

84 693 88 700 ι
158 629 217 683 Sed
236 631 337 684 Brutus
360 629 433 700 apud
456 628 514 682 Cic.
536 629 571 684 de
594 630 672 686 Oret.
688 626 723 692 2,
738 624 791 692 ἢ,
806 623 867 681 224.
892 627 999 696 sepiens
1019 630 1140 688 emese

157 715 235 768 tomo
251 733 308 770 eam
318 715 416 786 primis
430 721 538 768 uernae
553 713 669 769 ciuitatis
683 718 764 766 nest
779 712 850 766 tanc
860 711 1008 782 gurgitem.
1027 713 1139 770 coniun-

156 816 194 869 ge
208 817 265 854 cors
274 801 374 878 primis
386 805 493 852 nostrae
507 798 631 850 civitatis.
648 797 668 852 i.
683 813 709 850 s.
723 795 796 848 inter
808 795 921 866 primos.

190 902 298 958 Gellius
312 903 347 966 1,
359 900 403 952 1³.
421 897 574 968 cumprimis
595 903 684 950 entem
705 897 894 965 respiciendum
912 905 1075 968 morcant
1094 902 1138 958 s·-

155 989 272 1057 gem'am.
308 983 417 1053 Apulei.
431 983 466 1034 de
482 985 543 1034 Deo
565 980 642 1034 Socr.
663 996 690 1047 p.
705 977 799 1046 ΜΛ.
815 982 861 1035 sed
876 983 1026 1053 mprinr'r
1038 985 1140 1040 niran-

95 1129 97 1136 ,
157 1073 222 1126 dam
239 1077 288 1125 est.
305 1068 356 1124 nbi
369 1066 424 1118 vit.
442 1064 615 1132 Oudendorp.
633 1081 661 1134 p.
679 1063 740 1118 lto.

194 1173 248 1226 los.
272 1168 403 1237 Scaliger
420 1168 448 1220 in
469 1166 541 1220 notis
561 1166 595 1220 ed
614 1167 727 1220 rasum
755 1186 780 1238 p.
801 1166 860 1222 loa.
885 1169 955 1222 Dec.
972 1167 1142 1224 existimasse

160 1255 272 1315 videtur
289 1252 445 1320 compertius
462 1252 498 1303 alr
512 1249 631 1319 antiquis
644 1252 822 1320 scriptoribus
838 1247 942 1308 dietum
957 1268 1018 1306 esse
1033 1251 1062 1304 iu
1082 1269 1142 1306 nso·

161 1340 228 1390 dum
241 1337 387 1389 verborum
405 1337 563 1405 cumprime,
583 1335 837 1403 impraesentiarum.
874 1337 956 1406 Quod
973 1337 1076 1394 tatium
1092 1346 1141 1396 est.

163 1421 226 1472 via.
242 1420 348 1474 Gellius
360 1419 402 1485 lo,
419 1419 461 1474 18.
480 1421 527 1488 qui
545 1420 726 1487 demonstrat,
740 1424 842 1490 partim
859 1439 923 1482 oum
936 1421 1142 1495 praepositione

83 1531 87 1538 ·
162 1504 292 1576 osnengi
305 1505 391 1561 instar
406 1503 523 1562 nominis
537 1505 567 1561 ln
579 1521 658 1562 cuns
670 1505 806 1565 inclinati
919 1511 925 1520 “

470 1713 758 1856 cimona.

159 1893 383 1995 ⁸Vocabulum
414 1915 559 1977 cquun
595 1901 664 1966 sive
695 1913 829 1978 cvuovn
864 1917 1068 1999 quamquam
1099 1897 1140 1965 ad

89 1993 364 2048 coniunctionem
391 2005 492 2072 quom
517 1988 679 2073 pertinet,
714 2007 814 2073 quam
846 1998 945 2051 etiam
975 1987 1142 2074 scriptura

91 2068 343 2156 distinguimus,
381 2081 495 2136 tamen
512 2089 514 2094 ’
534 2073 610 2157 quia
640 2081 765 2138 veteres
800 2073 977 2171 scriptores
1006 2083 1142 2160 praeter

90 2175 197 2240 pauca
214 2155 384 2241 exempla,
404 2157 440 2222 in
459 2158 653 2244 compositis
674 2169 761 2222 certe
784 2159 910 2241 verbis,
932 2179 1065 2246 semper
1088 2157 1142 2223 vi-

90 2239 213 2304 dentur
239 2239 407 2327 scripsisse
430 2257 584 2330 cumque,
613 2262 685 2308 non
700 2265 869 2391 (poumque
891 2253 947 2309 aut
969 2264 1145 2330 picemque,

76 2323 159 2416 'hoc
183 2323 308 2391 ordinis
330 2325 406 2390 loco
428 2327 605 2394 dicendum
627 2339 676 2393 est
724 2351 742 2394 e
764 2350 813 2394 eo.
857 2331 965 2415 Atque
987 2348 1144 2415 pronun-

92 2412 186 2476 tiatio
212 2432 279 2474 una
303 2422 391 2494 erat,
421 2413 518 2478 sicuti
540 2415 574 2478 in
599 2415 867 2500 praepositione,
903 2431 964 2475 nec
996 2411 1143 2475 subsidio

93 2499 278 2584 scripturae
294 2517 379 2584 opus
396 2509 483 2576 erat,
506 2519 573 2584 quo
597 2498 788 2562 adverbium
811 2506 842 2559 et
864 2495 1068 2583 praepositio
1089 2496 1144 2560 in-

93 2591 146 2646 ter
160 2605 195 2648 se
213 2581 531 2648 discriminarentur.
561 2583 661 2672 Apud
676 2584 854 2648 Gruterum
871 2581 1006 2669 quidem
1050 2585 1143 2647 .629.

95 2667 133 2731 in
156 2668 288 2754 antiqua
310 2668 421 2732 tabula
444 2668 565 2756 legitur
590 2684 878 2748 QvostouQvn‚
907 2678 940 2732 et
964 2667 999 2732 in
1018 2605 1143 2734 iduare-

96 2752 147 2817 tio
168 2759 205 2834 2,
228 2759 338 2818 stret
357 2759 436 2825 113.
465 2757 596 2837 nescio,
627 2778 668 2822 un
692 2777 768 2820 cum
792 2756 924 2842 antiqua
948 2756 1143 2820 auctoritate

96 2837 259 2904 ediderint
280 2861 460 2927 quomque.-
486 2843 522 2906 in
546 2841 657 2908 codice
681 2842 825 2907 britann.
841 2847 874 2906 2.
900 2841 987 2929 apud
1010 2841 1143 2906 Wake-

94 2923 233 2990 fieldum
252 2923 372 3008 legitur
396 2930 432 3007 1,
453 2931 527 2992 826.
548 2951 790 3017 qaaecumque,
814 2932 852 3009 1,
871 2932 946 2994 268.
971 2949 1141 3016 quaecun-

96 3031 181 3098 que,
201 3010 235 3073 in
250 3011 393 3076 editione
408 3023 522 3077 veneta
545 3019 582 3095 1,
597 3016 673 3078 484.
700 3013 963 3163 ᾳιιοᾶᾳιιιιιηὲηε.

185 3094 302 3178 Quam·
324 3099 511 3162 coniunctio
537 3096 787 3182 significat,·id‚
808 3119 874 3185 quo
923 3099 1057 3180 dicitur,
1088 3109 1144 3162 aut

98 3182 260 3268 temporis
277 3193 333 3246 aut
347 3205 476 3250 caussae
493 3181 614 3246 rationi
638 3205 707 3248 esse
728 3183 930 3248 subiectumr
954 3207 1015 3272 que
1038 3169 1144 3270 sylia-

98 3261 207 3332 bicum
222 3267 393 3347 vocabuli,
415 3269 467 3332 eui
483 3267 647 3348 adhaeret,
671 3268 830 3332 ambitum
849 3278 883 3332 et
900 3270 967 3334 vim
983 3268 1143 3353 extendit,

99 3359 133 3414 et
146 3352 180 3416 iu
194 3348 336 3419 relativis
352 3353 458 3420 vorbis
473 3351 620 3440 quisquc,
640 3350 759 3438 ubique
772 3362 805 3416 et
819 3353 889 3418 aliis
901 3354 957 3430 ita,
976 3363 1013 3419 ut
1025 3375 1143 3420 omnes

100 3458 152 3501 res
167 3437 299 3505 alicuius
315 3440 442 3538 generis
458 3436 793 3526 comprehendantur,
809 3437 898 3523 qnod
915 3439 1072 3522 Germani
1088 3441 1143 3506 di-

102 3534 193 3606 cunt,
222 3548 303 3592 wer.
316 3547 455 3600 emmer,
470 3569 471 3574 κ
484 3546 572 3606 wer,
595 3545 669 3604 wo,
698 3522 764 3588 wie
788 3524 875 3586 acca
896 3545 931 3588 ce
952 3547 1028 3612 say,
1051 3535 1083 3590 et
1104 3527 1142 3590 in

102 3606 364 3677 demonstrativis
387 3609 570 3691 vocabulis,
598 3606 698 3676 veluti
722 3609 757 3672 in
782 3608 973 3695 itaque,ut
995 3620 1141 3676 totores

104 3699 306 3762 contineatur
329 3707 362 3762 et
384 3695 547 3761 definitius
569 3693 755 3781 designetur
780 3696 855 3779 (nos
879 3716 917 3756 so
942 3691 1145 3782 uberhaupt,

104 3801 141 3842 so
157 3777 267 3869 cheul·
294 3803 396 3869 quare
414 3789 551 3868 cumque
567 3781 741 3869 proprium
760 3800 891 3846 sensum
907 3777 1007 3844 habet
1024 3779 1143 3846 verbo·¹

103 3886 195 3948 rum,
213 3868 280 3935 wie
303 3869 444 3950 immor,
463 3868 529 3934 wie
551 3868 639 3934 oncle
659 3879 691 3930 et
713 3887 819 3932 wana
840 3865 977 3947 immer,
1001 3865 1142 3930 indicat-

103 3972 165 4039 que
181 3954 415 4040 omnem,.1qui
433 3955 611 4040 cogitetur,
634 3951 794 4034 modum,
816 3971 955 4022 omneve
969 3960 1112 4038 tempus.

201 4059 415 4128 'universitatem
434 4072 618 4126 huic-nomini
633 4071 773 4143 propriain
792 4073 848 4127 iam
863 4073 1001 4127 Gesnerus
1014 4057 1042 4125 in
1056 4073 1141 4127 Thea

169 4161 279 4214 nonsit.
313 4157 514 4213 Lindemannus
529 4159 563 4211 de
578 4159 696 4212 Adverti.
712 4160 737 4212 1.
754 4178 781 4228 p.
789 4157 831 4212 19.
852 4165 992 4229 comparat
1008 4173 1141 4231 maecum

169 4240 199 4301 st
214 4243 243 4302 in
260 4237 341 4314 iore.
358 4241 432 4306 atra:
448 4242 478 4302 in
493 4255 547 4316 qno
561 4245 755 4316 squamosa
767 4245 908 4304 sumam.
1026 4269 1030 4282 ¹
