2802 4732
613 369 687 440 ET·'
977 433 980 440 .
1106 375 1170 484 523

107 515 109 522 ’
221 525 981 601 0515551151,115511515551511555515515115
997 531 1023 586 51
1039 531 1171 590 eudodita

92 661 95 668 .
183 625 209 671 et
219 621 373 688 frequenter
386 617 523 669 oelcemene
536 621 644 686 555555

220 711 402 775 5555555115
417 697 473 774 52.
492 717 616 790 551545.
634 719 774 789 55155551
789 718 939 788 praedium,
960 720 1057 775 latere
1064 727 1171 777 utram-

183 824 232 876 pue
246 808 321 861 delet
335 806 503 876 disciplinam
518 813 543 860 et
560 805 744 878 agriculturae
754 809 781 858 ct
794 805 895 874 pecario
908 807 1036 872 parcendi
1051 813 1076 860 et
1089 808 1172 861 etiam

181 893 316 948 villaticae
335 893 475 964 partionis.
520 889 791 954 utendarum.
812 889 994 946 oratiunculae
1015 898 1123 957 autem,
1146 898 1173 947 51

184 995 250 1046 orror
264 979 388 1047 55515155
403 984 429 1030 51
440 979 534 1047 plures,
545 979 643 1040 etiam,
661 976 775 1027 mittam.
794 965 873 1025 Brut.
883 971 926 1038 82,
940 973 1000 1028 284.
1017 977 1063 1029 ead
1075 983 1100 1028 et
1116 976 1174 1046 ipre

183 1063 312 1126 emolat,
332 1068 357 1129 et
368 1062 525 1117 oliooetiom
539 1079 630 1116 errare
645 1061 764 1131 cogebat.
785 1051 912 1111 551155.
929 1058 1012 1127 925,
1030 1059 1056 1113 t.
1074 1061 1173 1113 celone
1205 1106 1210 1116 .

100 1209 101 1214 ¹
184 1147 250 1212 8,,1
266 1121 363 1215 peel.
380 1149 490 1202 maxilla
503 1147 733 1201 ueroeetmolleoe
746 1161 825 1213 55555
838 1161 894 1196 555
910 1151 956 1197 ert.
983 1146 1065 1197 Cuiue
1079 1145 1173 1198 eodem

184 1238 211 1285 et
226 1232 315 1283 medie
329 1238 354 1283 el
368 1232 477 1284 511155
466 1250 522 1303 rma
532 1250 598 1300 pere
614 1239 729 1284 necatum
744 1235 791 1281 eet.
826 1227 967 1297 5555515.
986 1229 1127 1282 common.
1143 1228 1172 1283 1.

186 1301 357 1367 (lemniadum
373 1315 480 1372 Marem
494 1321 519 1368 51
538 1316 592 1368 auio
607 1315 755 1384 praeceptio
776 1313 803 1367 51
823 1315 904 1368 eliam
917 1331 1077 1385 magnorum
1092 1321 1172 1410 51555

98 1448 107 1454 .
187 1400 346 1470 optimorum
360 1399 480 1451 cicorum
498 1399 603 1450 erudire
617 1407 726 1454 conatur
742 1403 787 1456 eet.

221 1499 358 1569 Antiquae
379 1498 569 1568 negligentiae
595 1501 771 1554 tribuendum
798 1500 907 1560 videtur
929 1491 1172 1573 1555115155,
1202 1548 1203 1551 ,

186 1585 213 1650 2,
228 1583 272 1639 58.
299 1605 350 1656 ego
366 1587 475 1652 dueum,
492 1591 584 1653 pater,
603 1584 855 1656 51155551515555
871 1588 954 1640 oliam
967 1586 1075 1639 1555515.
1094 1586 1173 1642 Ptin.
1219 1591 1221 1594 ’

185 1669 307 1735 155585,
318 1672 343 1724 l.
364 1672 420 1723 iam
433 1671 515 1724 etiam
530 1669 594 1720 5115
607 1668 774 1737 priuatorum
787 1671 883 1726 animia
896 1672 1043 1736 exoleverat
1057 1672 1174 1738 priscum

187 1756 342 1828 mortalium
365 1757 474 1821 tonum,
501 1753 631 1808 amicitia.
656 1750 705 1803 551
719 1751 884 1808 Sehaeferur
902 1755 1011 1809 librarii
1027 1743 1174 1826 negligen-

137 1897 143 1906 ,
187 1839 258 1896 tiam
278 1840 472 1912 corrigendum
496 1843 589 1892 censet
610 1835 831 1892 dolendoetiam:
854 1857 905 1893 nce
926 1847 1073 1912 repugno,'
1090 1859 1175 1911 quum
1266 1841 1269 1846 '

143 1927 155 2008 ¹*
186 1925 223 1980 55
243 1926 326 1981 etiam
342 1926 467 1996 proxime
485 1922 649 1979 antecedens
663 1920 791 1990 respicio.
820 1973 833 1984 ⁷

222 2025 280 2082 015.
299 2026 334 2080 55
348 2027 415 2096 Lep.
430 2027 457 2092 6,
472 2024 540 2094 2,4.
566 2027 660 2079 deinde
682 2025 764 2078 otium
783 2026 902 2094 deinceps
915 2032 1028 2096 posteris
1041 2035 1174 2101 pradela·
1224 2023 1226 2028 ¹
1333 2083 1337 2095 .

190 2117 261 2167 tum·
255 2112 344 2182 5555
361 2119 387 2164 51
405 2112 434 2163 15
449 2111 491 2164 515
507 2106 1175 2179 5155,55155555555551,55551.0551415
1224 2183 1229 2194 .

141 2205 144 2210 '
186 2201 342 2266 euepeetum
357 2173 470 2249 1155155
484 2204 518 2252 et.
536 2193 586 2250 ’555
602 2195 666 2248 vide
682 2193 748 2248 ιι.9.
774 2192 810 2246 55
824 2195 902 2249 Fam
919 2195 946 2262 5,
961 2197 988 2262 2,
1001 2196 1045 2250 26.
1074 2202 1176 2254 eddom

188 2287 214 2339 51
229 2283 298 2335 illud
312 2283 399 2334 etiam.
431 2281 486 2335 Sed
502 2281 561 2335 eod.
575 2280 675 2334 medie.
691 2296 745 2332 non
758 2278 845 2333 55551
859 2287 892 2333 51.
919 2281 1050 2348 Quinctil.
1059 2285 1084 2349 9,
1093 2284 1119 2349 3,
1130 2285 1175 2341 31.

186 2373 329 2421 5511515151
347 2367 409 2419 51115
425 2369 507 2420 etiam
522 2368 615 2444 modio.
645 2366 718 2435 5555
736 2364 913 2445 Spaldingius
928 2365 1052 2420 nominat
1069 2369 1176 2436 5155511-

144 2475 147 2480 ·
186 2450 291 2522 ginem.
320 2450 381 2506 lav.
398 2451 441 2518 21,
459 2450 503 2516 54,
525 2452 551 2504 3.
577 2459 646 2505 5151
661 2468 769 2506 nurnero
784 2451 882 2516 etiam,
909 2468 963 2503 uon
981 2451 1077 2504 animia
1090 2455 1177 2519 modo,
1245 2515 1247 2521 ,
1327 2461 1329 2466 ’

187 2537 319 2601 ualeatis,
350 2535 464 2606 cingulis
481 2539 554 2590 uobis
576 2549 689 2589 nouenae
712 2554 742 2589 ea
765 2536 860 2588 turmis
881 2536 1074 2604 manipulisque
1097 2537 1178 2591 uestri

186 2623 286 2676 aimilce
307 2622 407 2690 eligite.
439 2622 495 2674 Sed
510 2621 569 2675 555.
585 2623 646 2676 fler.
665 2635 811 2676 enumero.
838 2621 873 2673 51.
895 2626 950 2673 551.
966 2620 1002 2672 55
1021 2609 1177 2676 555515.

186 2723 214 2774 p.
232 2706 274 2760 12.
295 2705 408 2759 Sueten.
424 2707 503 2761 0555.
520 2706 563 2761 tn.
588 2709 634 2761 r'ed
648 2713 673 2762 et
688 2708 823 2776 ampliora
837 2707 919 2760 etiam
933 2707 1049 2758 tenone
1057 2707 1179 2776 fastigio

184 2791 293 2846 decerni
308 2791 360 2844 eidi
374 2809 466 2862 pareus
480 2799 526 2847 eet.
545 2793 594 2846 551
607 2794 704 2847 Burm.
733 2792 775 2846 04.
792 2791 915 2845 055555.
933 2776 967 2844 55
983 2790 1084 2844 Neron.
1102 2789 1146 2844 45.

223 2895 352 2965 Propert.
376 2895 403 2962 2,
429 2895 455 2962 9,
475 2895 511 2951 18
532 2895 648 2966 (1,)
589 2894 648 2964 56)
672 2901 738 2952 tune
759 2897 841 2951 etiam
864 2897 934 2963 felir
958 2896 1027 2950 iuter
1050 2902 1076 2950 et
1099 2913 1178 2950 arma

187 2979 324 3050 pudor.
880 3019 883 3026 .

226 3081 424 3136 0151511555.
440 3082 466 3146 1,
482 3079 507 3147 4,
523 3078 565 3135 11.
594 3089 672 3135 erunt
695 3083 740 3152 551
763 3083 824 3136 et
813 3103 842 3135 cn
862 3101 892 3136 eo
913 3102 1012 3154 quoque
1036 3086 1179 3140 audaciam
1232 3135 1234 3140 ,

190 3163 247 3224 cius
263 3167 467 3236 reprehendent.
494 3166 543 3220 551
559 3167 706 3220 absurdum
719 3172 810 3248 55551,
830 3167 854 3220 ei
870 3169 930 3236 quis
942 3159 1115 3245 ⁴existimaret
1130 3189 1179 3239 per

190 3251 396 3308 anacoluthium
412 3249 491 3318 55551
505 3253 592 3303 verba
606 3259 685 3318 eraut
703 3253 784 3305 etiam
795 3255 923 3318 sortoere.
958 3254 1020 3306 Liv.
1029 3255 1071 3319 41,
1082 3255 1125 3321 24,
1134 3255 1179 3312 16.

177 3335 1178 3412 15515551ιὶ15111551515155155555551151155515551555511,’5515151-
1252 3329 1254 3335 ¹
1302 3340 1304 3356 i

106 3483 111 3490 ,
191 3423 306 3476 dictione
326 3421 427 3489 finium
447 3429 597 3474 aestrorum
620 3427 645 3472 51
663 3439 711 3474 noe
735 3439 833 3491 555555
859 3439 942 3492 reguo
965 3441 1119 3490 arceamur,
1146 3444 1179 3479 ne
1255 3483 1259 3494 ,

190 3509 274 3561 eeroir
288 3507 384 3560 nostrie
399 3505 488 3576 aliquo
497 3509 600 3576 sugere
615 3505 700 3569 liceat.
720 3507 922 3592 0515551512.
940 3509 1180 3579 5555115555-

191 3595 249 3646 iam
267 3599 292 3644 et
309 3591 393 3645 oilliai
408 3607 507 3662 555555
522 3599 698 3646 euceeeecruut
720 3594 749 3645 iu
772 3596 855 3648 locum
872 3582 1050 3647 dominorum.
1080 3595 1178 3648 Vellei.

192 3677 302 3742 11511,
326 3675 418 3742 11,2.
448 3677 658 3732 5151515155
673 3694 771 3746 555555
789 3678 911 3748 priorum
934 3681 1020 3780 aetati
1044 3681 1178 3734 adstruere.

194 3763 276 3818 ovid.
290 3764 360 3815 Her.
376 3760 419 3825 16,
428 3762 473 3816 92

227 3867 270 3922 55
285 3865 329 3919 hie
344 3864 455 3918 diversa
470 3871 540 3930 sunt,
561 3866 590 3918 in
606 3847 703 3934 551555
718 3871 743 3919 51
758 3865 793 3918 55
808 3865 887 3919 mmo
900 3865 1019 3934 pontum
1036 3866 1117 3920 55551
1133 3884 1180 3922 eo·
1271 3863 1273 3870 ’

191 3948 345 4020 5515115515
359 3950 417 4002 vim
432 3956 546 4005 serratz.
568 3941 700 4019 Quinctil.
719 3949 744 4014 1,
759 3948 785 4014 5,
800 3949 842 4005 42.
871 3969 952 4020 quum
975 3953 1048 4020 apud
1066 3953 1182 4006 Grooeoo

193 4042 220 4087 et
234 4035 263 4086 in
285 4035 360 4087 verat
374 4042 432 4088 tota
443 4038 504 4102 sere
519 4037 623 4089 ratione
640 4044 666 4089 et
688 4037 717 4088 iu
731 4033 879 4087 nominibus
900 4037 1127 4106 deprehendatur:
1155 4047 1180 4092 51

196 4120 233 4171 515
252 4134 352 4186 quoque
370 4120 521 4173 rarissimus
543 4121 598 4172 eiue
618 4119 652 4172 511
666 4138 736 4174 usus.
762 4119 788 4185 2,
803 4119 846 4184 19,
861 4117 903 4172 14.
920 4119 945 4174 4.
963 4139 1021 4191 pro.
1038 4120 1063 4176 1.
1085 4125 1181 4188 Celeus
1220 4131 1222 4135 ’

192 4203 287 4258 Praei.
302 4202 365 4256 libr.
377 4203 401 4255 1.
421 4221 446 4271 p.
462 4202 504 4258 18.
523 4213 548 4258 et
564 4223 671 4260 555555
688 4223 787 4275 quoque
802 4205 951 4262 aestimatio
967 4225 1045 4280 caepe
1061 4210 1181 4296 martum
1237 4209 1240 4218 “

193 4288 278 4342 coluit.
