2782 4730
224 356 319 468 ¹ooo
538 352 728 419 nullust.
758 335 1006 422 aunuum.

321 514 442 582 poeno
456 507 594 578 aaepieiie‚
611 509 682 562 idem
697 514 848 560 euenturum
857 509 963 575 fnisset.
997 511 1100 566 deFin.
1109 509 1221 578 t,t‚1t.
1238 533 1295 585 atet

328 595 453 648 delectori
465 594 616 659 videamus,
640 595 744 680 etiamtt‘
757 611 844 646 eorum
857 593 926 644 nillil
941 595 1059 664 intersit,
1083 599 1106 649 ei
1120 599 1184 666 qaid
1199 601 1295 654 ratione

325 699 373 750 per
388 697 415 732 ee
430 679 481 746 ipsi
495 679 659 731 invenerant.

362 781 418 836 cic.
435 781 468 840 de
486 779 541 833 Oli.
555 779 580 844 1,
595 779 638 844 38,
656 778 715 832 lot.
738 785 838 832 rectum
861 786 899 832 ot
915 786 1003 832 antem
1018 781 1097 833 etiam
1115 782 1145 842 in
1166 785 1219 838 illio
1239 804 1295 837 coa-
1370 831 1371 856 2

324 867 497 929 tentionibus,
519 879 585 932 qaae
602 879 660 916 outa
677 863 863 954 inimicissimis
869 867 958 931 fluat,
980 866 1083 919 etiamti
1096 869 1172 920 nodie
1185 871 1296 940 indigna
1370 903 1371 912 κ

324 953 479 1015 audiamus,
497 957 588 1000 tamen
602 949 763 1018 gravitatem
779 950 899 1000 retinere.

359 1055 486 1106 Fortasse
503 1054 535 1106 od
551 1054 623 1104 haue
639 1067 699 1103 rem
713 1049 949 1102 demonstrandum
965 1049 1063 1118 aliquis
1078 1049 1295 1107 adhibebitillnl

325 1137 479 1203 discrimen,
500 1137 571 1206 quod
586 1137 756 1189 intercedere
771 1133 864 1186 dicuat
879 1134 950 1186 inter
964 1151 1067 1202 graeca
1080 1133 1127 1188 aot
1138 1137 1294 1206 cinctuti,

325 1223 404 1292 quasi
424 1222 493 1274 illud
515 1223 551 1275 eit
573 1223 654 1274 etiam
677 1222 715 1284 ei,
738 1220 792 1270 hoc
817 1220 928 1270 etiamsi.
963 1220 998 1270 At
1017 1235 1073 1286 qno
1093 1237 1196 1288 graecu
1215 1227 1295 1280 verba

322 1307 394 1360 inter
410 1325 439 1360 se
455 1307 592 1369 differunt,
610 1307 663 1357 hoc
679 1311 728 1357 eet.
762 1303 820 1356 Kal
837 1302 908 1370 quod
924 1303 1119 1356 affirmativam
1134 1305 1190 1357 vim
1206 1306 1293 1375 hebet,

323 1405 427 1462 neque,
452 1400 483 1444 ut
498 1393 669 1443 llennonnus
684 1393 777 1456 putat,
802 1405 863 1439 rem
884 1386 1022 1455 significat
1041 1405 1101 1440 esee
1123 1407 1177 1441 non
1196 1403 1294 1447 certum

324 1478 422 1545 (immo
440 1476 512 1528 enim
530 1483 634 1526 certam
650 1472 775 1537 indicat),
800 1478 847 1524 aut
864 1471 971 1523 additur
987 1472 1021 1523 ud
1037 1479 1123 1526 totum
1138 1479 1295 1532 sententium

320 1561 545 1622 conditionalem,
574 1551 627 1626 qun
647 1556 754 1607 dicator
777 1573 836 1608 eote
857 1572 917 1606 rem
938 1557 1098 1624 primarium
1113 1557 1294 1628 nihilominus,

323 1654 370 1700 aut
387 1641 416 1696 in
428 1646 481 1696 hnc
498 1643 631 1695 sententia
648 1641 768 1692 retertur
784 1641 818 1692 ad
840 1645 937 1692 nomen
959 1640 1087 1709 aliquod,
1114 1644 1296 1714 uteignifice-
1368 1635 1369 1644 ἵ

321 1737 375 1794 tur,
391 1724 434 1794 id,
450 1727 521 1796 qnod
535 1728 643 1779 obstare
657 1724 791 1788 videatur,
808 1741 840 1776 re
854 1741 921 1776 vera
935 1741 988 1776 noa
1004 1741 1167 1802 repugnare.
1196 1732 1227 1782 ln
1242 1731 1295 1785 illie
1368 1725 1369 1728 ¹

322 1813 370 1868 καὶ
386 1807 426 1876 ei,
447 1814 514 1864 caclo
535 1829 624 1878 meno,
650 1807 819 1875 affirmatur,
848 1825 908 1860 rem
931 1816 1055 1862 constare
1076 1813 1110 1864 ab
1133 1815 1222 1868 altena
1243 1818 1294 1870 hac

320 1891 399 1968 ¹po'rte
415 1897 457 1950 rei
473 1895 638 1966 prituorine,
663 1893 692 1946 in
707 1893 751 1944 his
766 1893 793 1946 ci
806 1889 870 1957 uni,
893 1911 968 1945 wenc
984 1897 1068 1960 oncle,
1094 1907 1217 1951 constare
1233 1918 1293 1954 eam

321 1985 356 2037 alt
375 1984 464 2036 altera
488 1991 565 2050 perte
586 1979 626 2031 rei
643 1978 836 2043 secundariae,
864 1993 933 2046 quoe
954 1978 982 2028 in
1004 1980 1156 2034 conditione
1178 1985 1294 2051 ponitur.

319 2068 412 2124 Latini
433 2084 498 2119 vero
521 2067 592 2118 hoec
614 2081 666 2116 non
688 2062 882 2126 distinxerunt,
915 2063 962 2114 sed
986 2065 1090 2117 etiamsi
1110 2083 1220 2134 temper
1242 2087 1294 2122 uua

320 2151 429 2206 notlouc
450 2150 660 2213 coniunxerunt,
680 2163 768 2215 neque
785 2139 915 2214 nmquam
937 2148 960 2200 ei
976 2149 1057 2200 etiam
1075 2150 1216 2215 dixerunt,
1243 2154 1294 2206 aiei

282 2277 289 2286 .
319 2235 452 2291 etiamad
478 2236 595 2287 alienum
618 2233 732 2284 verbum
756 2231 913 2297 pertineret.
940 2231 997 2284 cto.
1020 2251 1046 2300 p.
1068 2235 1128 2289 Mil.
1150 2235 1175 2300 8,
1199 2237 1242 2288 21.
1266 2241 1295 2290 ia

319 2323 448 2374 communi
463 2319 576 2372 otoaiom
594 2318 618 2368 oi
631 2317 711 2368 etiam
731 2315 790 2383 ipse
810 2317 955 2384 gauderet,
983 2317 1086 2383 timuit,
1100 2338 1142 2372 ae
1163 2322 1295 2374 uideretur

319 2407 346 2456 in
360 2405 529 2470 ormiocjldee
546 2399 729 2452 reconciliatae
741 2400 857 2469 gratiae.
893 2401 1004 2453 Sallust.
1022 2403 1081 2454 eet.
1101 2403 1143 2469 14,
1159 2403 1185 2456 4.
1203 2409 1294 2474 quodni

318 2490 469 2558 quinetiam
487 2504 505 2538 a
527 2487 604 2554 calpa
625 2499 723 2536 vacuae
745 2486 773 2536 in
794 2485 937 2536 amicitiara
960 2487 1014 2538 eius
1035 2488 1181 2554 inciderat,
1211 2493 1295 2559 quoti-

319 2573 401 2624 diano
418 2589 465 2623 oea
482 2575 559 2638 atque
579 2569 706 2620 illecebris
720 2569 807 2634 facile
823 2582 877 2638 par
896 2571 1037 2640 ednilico'ne
1052 2573 1143 2624 ceteris
1158 2575 1293 2640 efficieba-

321 2663 374 2710 tur.
404 2653 624 2717 eiecerint,
642 2651 685 2717 32,
704 2651 762 2705 lot.
786 2654 902 2720 eorporis
924 2662 1012 2706 antem
1033 2657 1156 2723 voluptas
1173 2659 1197 2709 ei
1213 2660 1295 2711 etiam

314 2739 462 2809 praeterita
477 2737 602 2800 delectet,
627 2755 680 2788 aon
693 2738 814 2806 intelligo
830 2745 881 2788 etc.
915 2738 985 2791 Ante
1001 2739 1165 2792 Lambiuum
1180 2742 1295 2811 legebo·

317 2823 488 2877 tur'etiamci.
529 2822 560 2872 ln
577 2820 633 2872 cic.
650 2839 676 2889 p.
692 2819 780 2872 Deiot.
799 2819 824 2884 d,
841 2819 865 2872 9.
887 2821 952 2874 olim
967 2823 1129 2892 legebatur:
1151 2827 1178 2876 ei
1190 2833 1297 2879 tantone

227 2909 229 2913 ’
315 2907 418 2959 ancilia
431 2904 552 2974 Pompeio
567 2908 608 2958 oet
621 2906 645 2956 ei
661 2906 740 2956 etiam
749 2906 842 2971 fitium
856 2893 975 2960 misiteet.
1000 2925 1074 2962 nnuc
1089 2926 1157 2962 nero
1171 2911 1198 2962 ei
1214 2929 1295 2979 qaum

315 3007 376 3044 auc.
394 2991 439 3043 Po.
459 2991 500 3043 vel
518 2989 598 3044 etiam
613 2991 712 3057 filiunt.

331 3111 362 3197 t)
384 3113 595 3178 Commutato
628 3117 706 3174 stent
736 3135 789 3176 soe
816 3135 833 3176 e
861 3113 925 3177 etei
955 3121 987 3177 et
1010 3113 1149 3176 etiamsi
1173 3115 1295 3180 veleb

248 3199 485 3286 compendium
508 3195 688 3260 scribendi:
714 3198 768 3261 vd.
791 3135 957 3262 illlunder.
977 3201 1053 3262 Ver.
1078 3200 1169 3263 Lect.
1193 3224 1229 3286 p.
1244 3207 1296 3268 78.

246 3284 298 3349 vel
314 3283 356 3347 ob
375 3281 512 3350 medum
530 3282 637 3346 verbi:
660 3281 715 3346 vd.
740 3284 808 3348 Cic.
835 3284 874 3348 de
897 3283 963 3348 Oli.
981 3291 1010 3361 1,
1027 3285 1080 3348 24.
1105 3285 1163 3349 ubi
1186 3287 1296 3352 Beier.

247 3371 409 3435 Goerenz.
432 3367 472 3432 od
496 3369 562 3432 Cic.
587 3367 626 3430 de
650 3367 907 3450 Fin.1‚17,56.
940 3376 971 3450 2,
987 3375 1040 3449 82,
1061 3375 1130 3434 106.
1170 3373 1241 3437 Cic.
1262 3397 1296 3460 p.

247 3455 336 3520 Coel.
350 3461 381 3535 8,
397 3458 428 3518 8.
456 3454 617 3518 omissum
636 3475 687 3516 suc
714 3455 873 3518 aetium.-
895 3454 961 3519 vid.
987 3455 1151 3520 Wunder.
1167 3458 1209 3520 ad
1226 3461 1297 3523 Cic.

243 3563 278 3688 R.
293 3475 715 3690 lilone.24‚59.lSColumelii
730 3544 762 3623 9,
775 3545 805 3624 8,
822 3541 873 3606 14.
898 3551 930 3605 et
946 3538 1128 3606 adiectum:
1154 3542 1296 3610 vd.'Cic.

269 3647 286 3690 θ
328 3647 376 3712 eg·
414 3672 425 3708 t
463 3671 474 3708 7
536 3665 568 3694 ⁶-
965 3673 968 3682 ’

1220 3735 1238 3782 tt

325 3998 463 4080 Modus,
493 3996 549 4086 qui
571 3995 605 4064 iu
626 3996 816 4064 etiamnum
838 4002 1020 4087 proesentis
1044 4012 1092 4066 est
1113 4009 1297 4094 temporis,

244 4085 283 4146 od
310 4086 519 4170 praeteritum
542 4084 684 4174 refector
711 4089 747 4154 in
768 4101 954 4158 ETIAnTvM
977 4086 1044 4151 sive
1066 4105 1298 4174 ETLtMTvNc,
1370 4125 1371 4132 ¹

241 4167 341 4254 idque
362 4169 543 4256 significet,
579 4168 631 4238 tel
657 4193 731 4240 rem
756 4172 905 4260 aliquem,
929 4174 1108 4260 praeterito
1130 4185 1299 4265 tempore
1370 4181 1371 4266 l
