2782 4730
584 383 657 451 EX.
1073 389 1137 456 635

167 539 279 609 Frsgm.
300 536 424 593 ciceron.
447 539 481 591 de
502 537 564 593 aas.
586 539 661 592 deor.
684 529 786 607 rogitas
798 537 928 608 fictorque
952 541 1014 595 itera
1034 559 1049 596 c
1068 560 1137 609 cera,

168 641 222 678 aaa
245 631 331 676 exstet
354 624 427 693 apud
448 623 635 688 hortantium,
677 624 724 692 qui
745 639 778 678 es
800 623 887 677 verbu
910 625 995 678 habet
1011 625 1038 692 2,
1052 625 1079 692 8,
1093 625 1139 680 24»

168 707 213 762 lti
233 717 273 762 est
284 711 413 778 fictorque
427 710 488 762 item
505 724 565 760 cera
586 706 606 760 i.
623 724 648 762 e.
665 725 729 761 cera
743 708 836 762 utitur.

182 847 236 908 38.
268 845 342 908 Non
372 844 465 908 aliter
494 842 534 906 de
568 841 625 921 iis,
674 845 797 930 quibus!
817 843 965 910 alicunde
1000 845 1137 933 sumptis

101 937 157 994 aut
177 929 328 996 adhibitis
349 927 472 1015 aliquid
488 926 666 992 coniicitur.

205 1052 286 1105 Cora.
308 1050 391 1101 Paua.
413 1046 438 1111 1,
460 1046 485 1099 ὃ.
513 1049 700 1117 reprehensus,
732 1050 801 1127 quast
827 1066 858 1101 er
884 1048 987 1117 macta
1009 1036 1140 1116 tripodem

170 1151 280 1188 aureum
301 1133 410 1199 Delphis
427 1132 560 1201 posuisset.
595 1131 705 1186 Sueten.
727 1133 799 1201 Aug.
820 1133 862 1185 3⁰.
890 1131 996 1184 Corael.
1017 1131 1139 1186 Timoth.

168 1217 235 1282 4,1.
258 1232 322 1267 uam
337 1232 399 1283 quos
417 1232 481 1267 auus
504 1215 592 1267 Cauca
615 1233 702 1268 maras
721 1233 754 1268 es
776 1218 890 1269 hostium
909 1215 1013 1284 praeda
1033 1218 1142 1283 patriae

169 1302 335 1362 restituerat,
361 1299 461 1350 sortem
478 1315 556 1366 nepas
569 1323 603 1338 —-
619 1317 649 1352 ea
662 1318 712 1352 sua
727 1318 756 1353 rc
767 1299 903 1365 familiari
916 1300 1021 1364 reficere
1037 1307 1141 1352 coactas

169 1392 216 1438 est.
251 1384 361 1436 Sueton.
384 1383 447 1435 Tib.
462 1380 504 1434 53.
531 1382 659 1436 decreturos
680 1413 715 1424 —
740 1401 790 1453 quo
808 1383 955 1452 Capitolino
972 1383 1028 1434 iaci
1044 1383 1142 1436 ἆοηιιπι

170 1487 202 1522 er
220 1487 286 1522 auro
299 1475 457 1521 sacraretur.
493 1467 569 1520 Suet.
584 1470 654 1538 Aug.
665 1468 708 1522 52.
727 1486 757 1522 er
774 1487 825 1536 qua
843 1483 942 1520 summa
953 1467 1142 1537 pretiosissima

171 1551 278 1607 &arum
292 1553 434 1606 simulacra
453 1559 582 1606 mercatus
597 1554 703 1606 uicatim
716 1553 864 1606 dedicabat.

161 1635 170 1653 ’
213 1632 225 1678 i

186 1697 239 1756 39.
269 1690 318 1754 Its
343 1691 462 1753 dicitur
487 1701 644 1756 constare
670 1713 711 1754 ess
733 1687 900 1778 aliquibus
922 1687 1019 1754 rebus
1045 1699 1142 1776 etque

104 1776 202 1843 etism
218 1777 381 1864 coniungi
402 1786 433 1840 et
452 1775 628 1841 contineri.

208 1897 265 1950 Cic.
280 1897 313 1948 dc
329 1897 390 1950 Nat.
406 1894 432 1948 t.
445 1895 472 1962 l,
487 1893 530 1959 35,
544 1894 586 1947 98.
605 1894 657 1946 uisi
673 1893 701 1945 ia
715 1912 760 1960 ec,
796 1896 842 1963 put
855 1913 886 1950 cr
900 1896 987 1949 auimo
1004 1871 1101 1946 ioastet
1116 1901 1142 1945 et

172 1999 278 2050 corpore
299 1983 396 2032 cadsrco
419 1987 443 2032 et
466 1979 580 2044 infirmo.
615 1995 642 2044 p.
663 1977 744 2030 Rosc.
770 1980 845 2032 Com.
860 1979 886 2043 7,
901 1979 944 2033 ul.
964 1996 1050 2042 usaue
1065 2007 1099 2016 -
1113 1995 1144 2030 es

167 2065 284 2131 fraude,
304 2065 440 2129 fallaciis,
466 2062 609 2116 mendaciis
623 2069 741 2112 constare
757 2069 825 2116 tatus
839 2062 965 2116 uidetur?
992 2061 1025 2113 dc
1039 2062 1100 2115 Nat.
1117 2060 1143 2114 ti.
1202 2065 1209 2077 ¹

173 2146 199 2213 3,
216 2146 258 2211 14,
271 2145 314 2198 34.
333 2147 426 2201 etenim
439 2154 486 2199 aut
503 2145 611 2213 simplas
625 2151 663 2196 est
676 2151 774 2196 actura
791 2146 935 2197 animantis
949 2175 999 2210 -,
1021 2153 1067 2200 aut
1084 2163 1145 2197 aaa·

176 2239 249 2284 areta
264 2240 302 2285 est
316 2250 346 2284 es
359 2233 480 2302 pluribus
502 2230 613 2282 staturis.
647 2227 756 2282 Lucret.
771 2228 796 2294 1,
811 2227 870 2283 839.
894 2247 925 2288 ea
940 2231 1048 2300 aurique
1065 2235 1145 2300 putat

124 2383 126 2392 γ
178 2319 251 2383 asiais
268 2317 404 2370 consistere
419 2333 494 2388 posse
511 2331 612 2368 aarum.
700 2383 709 2394 Ι

210 2420 254 2472 lta
280 2418 364 2472 etiem
389 2418 423 2470 (ie
452 2435 505 2471 aaa
533 2434 563 2470 re
587 2415 702 2485 dicitur·¹
748 2432 817 2484 quae
843 2417 986 2470 materiem
1016 2420 1145 2484 praestat.

175 2505 233 2558 Cic.
256 2503 290 2554 de
314 2502 367 2556 Off.
382 2503 407 2568 1,
423 2501 465 2569 44,
479 2501 539 2556 157.
565 2502 617 2554 uisi
637 2519 668 2553 ea
690 2502 788 2567 uirtus,
815 2520 880 2572 qaae
897 2506 1000 2555 coastat
1014 2517 1044 2552 cs
1058 2500 1142 2551 horai-

174 2590 251 2642 uibus
266 2589 385 2654 tuendis,
411 2588 440 2641 id
461 2597 513 2654 est,
543 2605 573 2639 ea
595 2587 718 2638 societate
741 2587 845 2656 generis
867 2586 992 2649 humaui,
1025 2585 1146 2652 attingat
1171 2635 1174 2642 ,

84 2723 89 2734 ,
178 2673 352 2742 coguitionem
366 2690 462 2726 rarum.
484 2672 518 2725 de
534 2672 609 2726 Orat.
622 2671 648 2736 2,
664 2669 707 2734 24,
720 2669 779 2723 lut.
803 2672 856 2722 siue
878 2688 908 2723 ea
931 2669 1037 2722 crimine
1055 2684 1149 2722 caussa

176 2766 287 2822 coartet,
305 2765 334 2810 ut
343 2758 492 2823 facinoris,
516 2758 569 2810 sive
586 2775 617 2808 er
630 2756 822 2821 controuersia,
841 2762 871 2807 ut
885 2753 1045 2808 hereditatis.

212 2859 270 2912 cte.
285 2860 318 2912 de
336 2861 379 2922 Be
399 2877 426 2928 p.
448 2860 474 2926 1,
496 2859 538 2914 45.
563 2860 637 2930 regio
659 2865 746 2910 autem
768 2858 976 2926 praestatuta,
1012 2855 1081 2924 quart
1099 2854 1149 2908 crit

176 2952 317 3010 aequatam
339 2953 365 2997 st
393 2951 564 3014 temperatum
592 2962 624 2996 er
644 2944 728 2996 tribus
751 2943 855 3010 aptioris
876 2952 965 3009 unam
983 2938 1149 3009 publicarum

177 3027 269 3078 modis.
313 3027 347 3078 sle
371 3029 431 3081 Fin.
458 3029 484 3094 2,
507 3028 549 3093 14,
571 3026 613 3079 44.
637 3044 694 3077 cum
714 3027 830 3096 Epicuro
851 3033 936 3078 autera
958 3025 1005 3076 isac
1029 3029 1066 3076 est
1088 3022 1150 3090 ptus

176 3110 291 3178 negotii,
316 3113 384 3180 quod
399 3130 412 3166 e
426 3113 523 3180 duplici
538 3128 634 3181 gauere
653 3110 796 3178 uoluptatis
815 3110 963 3161 aauuuctus
985 3113 1031 3160 est.
1063 3104 1149 3158 Acuti.

176 3194 203 3258 2,
218 3193 243 3257 2,
259 3191 284 3245 6.
310 3203 402 3247 uestra
416 3202 444 3246 tu
456 3195 565 3263 physica
580 3195 649 3246 uasti
656 3233 663 3256 ‚
686 3210 752 3262 quae
767 3193 948 3244 contineantur
961 3209 991 3244 ee
1005 3191 1150 3259 effectione,

138 3329 141 3335 Α
176 3287 203 3332 et
217 3297 247 3330 er
261 3279 374 3331 materia
388 3295 435 3343 ea,
459 3260 633 3348 aaamfiagit
653 3283 679 3332 et
694 3273 798 3346 format
821 3277 928 3346 effectio.
959 3258 995 3328 cii
1016 3275 1149 3328 Gaurana.
1219 3273 1236 3296 f

182 3363 218 3418 sd
236 3365 264 3417 h.
280 3363 299 3418 1.

194 3503 247 3568 40.
266 3501 469 3568 Accessimus
490 3500 531 3564 sd
556 3520 667 3566 rerum
691 3499 853 3584 originem
870 3507 902 3561 et
917 3517 1080 3578 caussam,
1111 3519 1153 3562 ex

111 3608 175 3675 qus
186 3590 321 3674 prodire
332 3587 451 3652 dicitur
466 3585 600 3674 aliquid.
638 3585 810 3649 Haecvcro
828 3603 936 3647 caussa
952 3603 1021 3646 esse
1033 3592 1152 3670 potest,

112 3694 209 3758 sque
228 3685 259 3738 ct
274 3697 335 3762 pro
362 3685 412 3738 ter
428 3694 528 3759 quam
551 3693 603 3736 res
629 3673 677 3734 sit.
719 3669 771 3733 ef.
795 3673 886 3735 Cart.
904 3666 945 3732 ad
963 3669 1031 3732 cic.
1050 3667 1152 3755 Epist.

113 3760 267 3837 16,21‚5.
299 3697 462 3825 Sciswarz.
478 3759 517 3824 ad
537 3757 618 3821 Plin.
633 3755 711 3819 Pan.
736 3760 789 3835 90,
811 3761 849 3820 2:
883 3753 1049 3818 Ablstivus
1065 3754 1154 3817 enim

109 3842 253 3928 simplex
277 3866 420 3908 caussam
445 3847 583 3921 indicat,
627 3862 708 3928 quae
733 3840 853 3926 aliquid
875 3838 1013 3919 efficiat,
1033 3839 1151 3926 proxi-

111 3949 222 3992 mamz
245 3951 284 3990 ex
305 3931 504 4017 praepositio
521 3940 630 3993 autem
648 3928 753 4013 ipsam
769 3926 929 4012 originem
947 3936 1022 3988 ante
1037 3925 1153 3988 oculos

141 4013 213 4076 onit
234 4015 296 4091 ita,
325 4024 361 4076 ut
381 4015 514 4080 alteram
534 4035 606 4078 rem
631 4034 671 4077 ex
697 4011 797 4076 altera
820 4010 955 4098 prodire
977 4011 1152 4074 videamus.

111 4035 199 4163 iisse
223 4093 301 4160 'vero
326 4109 434 4183 potest
458 4111 490 4165 et
520 4099 674 4186 proxima
705 4121 774 4162 esse
804 4107 836 4160 et
861 4095 988 4180 longius
1014 4105 1155 4171 remota,

115 4182 298 4250 dummodo
318 4195 491 4272 appareat,
524 4185 647 4271 aliquid
668 4205 737 4250 esse
760 4179 963 4273 autfactum
988 4204 1077 4262 esee,
1114 4200 1156 4262 erp
