2852 4736
560 361 783 470 ruvinum·
861 337 863 342 ’
903 441 907 452 ‚
1129 372 1195 442 ree

145 551 185 614 ru
197 547 274 603 eum
288 519 638 616 praesertimmedum
652 519 806 600 adhibet,
834 529 872 586 ut
887 520 930 602 is,
954 524 1010 609 qui
1031 523 1194 614 loquitun'

146 635 202 698 eq,
232 637 315 700 quae
330 611 371 693 de
386 629 557 694 aususque
572 607 733 672 sententia
756 616 811 672 aut
835 607 875 670 ds
897 606 963 670 suis
989 611 1087 675 rebus
1106 636 1200 700 prosc

145 685 294 780 ficemur,
335 718 412 778 eum
451 693 593 781 quadarn
626 689 847 756 affirmatione
876 691 1034 778 designet.
1097 700 1196 766 Vnde

149 771 356 868 factum-est,
379 791 416 846 ut
429 804 456 864 'e
476 775 593 842 uidem
613 775 683 840 fere
708 797 784 850 cum
808 777 916 864 prima
939 801 1081 864 persona
1101 782 1196 856 uerbi

150 871 429 956 eqp'iungeretun
450 803 564 932 bauai
581 861 681 948 igitur
696 864 869 949 propriam
885 862 1047 930 habebant
1057 887 1202 952 ,roem

150 975 213 1040 qua
223 937 397 1040 loquentes
412 950 560 1015 animum
574 945 669 1024 tulus,
693 947 749 1031 qui
766 947 994 1031 audiebat,-ud
1011 972 1104 1018 suam
1120 977 1196 1021 rem

148 1059 283 1106 suamve
305 1035 501 1102 sententium
523 1040 913 1117 converterent,‚‚,atqua.
928 1033 1129 1119 professioni
1150 1040 1201 1112 ¹de

148 1143 185 1208 se
206 1121 310 1186 factae
335 1119 492 1186 adderent
515 1115 659 1204 pondus.
715 1115 943 1204 Quud2quum
966 1138 1043 1183 usus
1067 1123 1197 1200 stabili-
1235 1139 1253 1154 ¹·

148 1201 268 1288 uisset,
291 1201 431 1289 vulgaris
456 1201 572 1288 opinio
595 1199 720 1275 inuenit
741 1203 1066 1288 interpretationem,
1095 1229 1198 1276 voea-

147 1290 267 1378 bulum
284 1311 354 1355 esse
367 1287 592 1374 compositum
616 1307 660 1355 ex
673 1308 738 1374 ego
756 1296 789 1350 et
804 1285 959 1386 quidem,
989 1289 1104 1377 eique,
1128 1294 1202 1372 iam⁸

149 1374 329 1460 antiquitus
346 1373 381 1439 iu
397 1373 691 1460 grammaticorum
710 1370 896 1444 doctrinam
912 1383 1079 1462 receptae,
1094 1381 1206 1458 ,sutem

150 1459 333 1542 dictionem
365 1457 546 1544 scriptores.
569 1455 703 1544 quidam
731 1458 1039 1526 accommodarunt.
1088 1464 1201 1550 Atque
1229 1497 1232 1508 ·

136 1533 287 1610 ,fuerunt
300 1545 388 1610 inter
405 1553 548 1630 veteres,
558 1543 616 1627 qui
622 1540 776 1641 equidem
785 1554 840 1612 aut
853 1566 930 1618 raro
946 1555 1001 1610 aut
1013 1568 1205 1636 numquam,

150 1627 385 1714 cumreliquis
408 1619 500 1696 vorbi
524 1649 678 1714 personis
701 1640 942 1717 componerent
950 1655 962 1716 3
1002 1632 1055 1696 alii
1079 1655 1199 1714 recen-

148 1715 251 1796 tiores
273 1712 428 1800 equidem
446 1717 514 1799 ,pm
543 1735 560 1778 e
586 1735 608 1777 o
631 1711 772 1800 quidem¹
788 1737 913 1802 ponere
936 1715 1103 1785 solebant:
1142 1720 1209 1790 alii'

150 1821 234 1884 pero
248 1821 313 1889 pro
333 1795 476 1886 simplici
495 1797 552 1885 qui
578 1819 631 1863 em
651 1800 865 1888 usurpabant.
909 1801 1002 1882 Quae
1025 1825 1127 1891 quum
1151 1806 1202 1877 itu

148 1886 236 1970 siut,
257 1885 377 1950 omnis
402 1883 549 1971 quaestio
578 1883 665 1952 redit
695 1887 736 1956 ad
763 1908 860 1952 usum
894 1888 1012 1972 cuique
1040 1891 1203 1978 scriptorii
1242 1901 1256 1910 “

149 1994 215 2060 pro
233 1973 347 2053 ,rium
377 1991 485 2058 neque
502 1991 582 2054 vero
596 1992 774 2058 possumus
790 1974 937 2038 assentiri
950 1973 1118 2051 Bentleio,
1139 1975 1203 2073 qui

151 1993 351 2127 radiarent.
374 2057 492 2122 Heaut.
514 2052 595 2135 4,1,
617 2059 669 2120 19.
692 2063 725 2120 el
748 2055 788 2120 ad
812 2057 873 2122 Ad.
889 2058 921 2138 5,
938 2063 969 2136 8,
985 2063 1036 2130 65.
1066 2061 1197 2129 docuit:

152 2141 308 2230 equidem
332 2162 419 2220 cum,
434 2139 537 2204 verbo
560 2140 686 2225 primae
707 2163 870 2228 personae
893 2163 1025 2230 semper
1047 2145 1200 2226 iunctum

153 2250 223 2294 esse
240 2240 315 2308 unte
329 2226 472 2291 Neronis
494 2234 643 2290 aetatem.
685 2224 722 2290 In
745 2226 852 2292 Plauti
874 2229 1054 2294 comoediis
1080 2229 1206 2298 obser-e

154 2309 228 2399 ueri
242 2311 432 2400 quindecim
447 2310 558 2392 locos,
580 2332 663 2397 quos
675 2309 763 2376 infra
779 2334 957 2399 apponam.
989 2313 1027 2394 ln
1037 2314 1198 2398 Terentio

153 2408 222 2466 tres
238 2397 304 2464 loci
320 2397 427 2480 adhue
441 2405 591 2477 exstant,
619 2397 654 2460 in
677 2398 794 2481 quibus
814 2399 970 2482 particula
985 2421 1054 2464 non
1073 2403 1201 2488 primas

152 2506 311 2572 personae
327 2483 542 2570 adiungiturs.
557 2479 619 2546 sed
635 2481 682 2544 uti
697 2481 733 2546 hi
749 2505 768 2548 a
784 2483 902 2548 criticis
921 2494 997 2548 sunt
1013 2507 1202 2556 nunc.cor··.

152 2571 253 2653 recti,
271 2631 275 2644 „
293 2569 337 2634 ita
362 2570 396 2636 in
422 2567 510 2649 aliis,
548 2567 692 2632 certain
714 2589 780 2632 uno
803 2564 878 2632 loeo
923 2572 1108 2637 rammatici
1132 2573 1206 2642 iam·

156 2677 294 2743 operam
310 2677 405 2719 suam
421 2653 659 2739 interposuisse
682 2651 843 2720 videntur.
914 2655 982 2720 unii
1003 2665 1035 2720 ei
1058 2656 1204 2726 aliorum

155 2742 463 2827 antiquissimorum
489 2740 666 2828 poetarum
685 2737 870 2826 fragmenta
892 2740 1021 2805 nullum
1042 2743 1208 2831 suppedig·¹

153 2837 227 2910 lent
241 2825 433 2912 exemplum
448 2823 545 2890 huius
568 2822 736 2891 vocabuli:
768 2847 829 2889 nec
847 2823 980 2892 Catonis
998 2826 1089 2894 libri:
1121 2845 1215 2906 nem·

97 2940 101 2948 ·
181 2911 247 2994 uod
271 2911 447 2990 afferunt„
467 2909 645 2994 legitarin
669 2907 752 2974 falsa
780 2911 960 2996 scriptione
988 2911 1028 2976 de
1058 2913 1207 3001 antiquis

154 2935 267 3082 llaiiqe
295 3019 340 3084 po
369 2995 443 3061 ulis.
490 2996 596 3064 Varro
627 2993 662 3057 in
691 2993 782 3062 libris
807 2995 848 3060 da
877 2995 926 3061 Ro
956 2998 1078 3078 rustica
1099 2999 1203 3078 semel

155 3081 241 3160 dixit
258 3079 334 3170 equ’
360 3103 431 3161 em,
455 3079 510 3148 sed
527 3080 714 3166 composuit
739 3101 815 3146 cum
838 3083 933 3148 tertia
955 3084 1203 3168 personu'verbi

157 3169 235 3249 1,,5,
246 3173 283 3242 Ι1.
303 3188 400 3265 saepe
416 3174 534 3242 ,autem
555 3188 621 3252 ego
642 3186 717 3230 cero
735 3169 764 3244 1,
781 3169 882 3246 2,.13.
915 3171 945 3246 1,
960 3171 992 3247 2,
1009 3173 1040 3232 3.
1070 3174 1102 3246 2,
1122 3176 1153 3246 2,
1169 3153 1219 3243 9,'

156 3243 190 3324 eit
202 3274 270 3340 ego
287 3249 436 3316 arbitror
452 3254 481 3325 1,
496 3253 550 3330 38,
568 3255 600 3319 2.
641 3248 679 3318 Iu
696 3248 787 3330 libris
804 3245 844 3314 de
860 3249 986 3338 Lingua
1002 3252 1101 3320 latins
1119 3277 1203 3321 nus,

156 3334 498 3427 quam=legitur‚nisi
521 3335 556 3398 in
576 3343 733 3421 corrupto
754 3333 831 3400 loco
856 3339 889 3416 8,
910 3338 963 3402 24.
994 3337 1050 3404 ubi
1073 3340 1203 3406 codices

205 3423 339 3495 aebent:
370 3417 501 3508 etquid
517 3417 617 3486 uerba
633 3419 757 3496 nescis,
775 3432 826 3484 ,ut
844 3419 939 3508 apud
952 3422 1028 3486 illes
1043 3425 1113 3490 sint
1124 3426 1217 3496 'clim'

185 3501 279 3586 nite,
305 3507 378 3576 alic
402 3529 470 3573 nou
491 3504 546 3590 (al.
571 3506 649 3590 ae).·
673 3503 722 3568 sic
738 3516 819 3576 utre
836 3529 905 3572 esse
923 3507 1017 3594 opud
1031 3531 1092 3576 nos
1108 3510 1204 3598 equi..

157 3591 322 3682 dein-(al.
348 3590 501 3680 quidem)
522 3612 591 3656 uon
620 3587 735 3658 dubito
761 3591 819 3677 qui
839 3593 1117 3664 euinradvertunt
1147 3595 1205 3681 (sl.

158 3673 515 3760 animadverterunt)s
538 3676 620 3748 item
635 3675 672 3738 in
688 3698 766 3740 eam
780 3676 1061 3744 innumerabilem
1077 3681 1204 3746 simili*

159 3763 313 3831 tudinem
327 3785 504 3840 numerum
512 3809 522 3840 ,
542 3773 579 3826 ut
595 3760 698 3832 trium
714 3763 1027 3848 temporumcerbc,
1049 3777 1085 3836 uc
1100 3767 1207 3834 trium
1310 3807 1313 3812 -

157 3844 393 3938 personarum.
436 3846 506 3914 lam
520 3847 645 3934 Popma
662 3847 816 3911 coniecit:
839 3859 871 3911 et
882 3848 1067 3934 quidcerbc
1083 3852 1203 3927 nescis,

159 3969 203 3988 -
227 3937 277 4000 sic
300 3947 443 4022 utraque
467 3953 537 3997 esee
561 3929 657 4019 uprrd
678 3925 764 3997 nos?
791 3932 963 4020 Equidem
977 3947 1046 4000 nou
1062 3933 1206 4000 dubium

160 4021 232 4100 dis,
260 4020 318 4106 qai
339 4017 654 4088 animaduerterunt
678 4029 739 4082 sie.
783 4019 880 4084 Certe
903 4041 943 4084 ex
963 4018 1027 4084 hoo
1044 4021 1118 4084 loco
1134 4042 1206 4087 non

161 4114 275 4202 potest
302 4103 542 4184 demonstrari,
580 4104 764 4172 Varronem
792 4104 953 4172 vocabulo
981 4104 1135 4192 equidem
1163 4127 1205 4172 ex

164 4190 308 4260 altorum
338 4209 435 4264 more
465 4209 564 4260 usum
598 4210 678 4260 esse.
733 4188 902 4260 Ciceronis
936 4189 1217 4284 consuetudinem¹
