2802 4732
275 348 339 414 554
405 290 410 328 ³
544 341 548 350 ’
629 405 631 412 ,
725 337 878 404 rursu.

381 496 514 569 Quinctil.
528 493 554 562 4,
570 495 597 562 2,
612 493 655 550 52.
676 513 874 568 nonnumquam
887 495 968 552 etiam
990 501 1082 551 tomen
1101 506 1251 568 argumento
1269 503 1310 554 oli·

303 613 305 618 v
345 604 397 658 quo
419 584 648 652 confirmabimus,
671 584 742 652 quod
760 583 989 653 proposuerimus,
1009 583 1057 636 sed
1072 583 1184 652 simplici
1204 593 1228 638 et
1244 587 1309 639 breui

347 668 525 744 Spaldingius
540 667 640 720 maluit
662 675 754 721 tamea
779 667 870 721 etiam.
911 666 1039 720 Mirabili
1059 667 1141 721 modo
1161 669 1262 738 decepti
1277 669 1310 721 ri-

346 758 446 810 dentur
464 753 556 812 critici
578 753 609 806 iu
629 754 691 805 loco
714 750 789 806 Livii
804 750 904 818 2l,'36,
923 751 949 806 8.
975 753 1023 805 nbi
1044 754 1127 823 vulgo
1150 753 1261 829 {cgiturs
1277 755 1310 806 iu·

344 849 434 896 meato
447 841 589 894 secabant:
606 840 740 892 interdum
755 839 852 903 etiam,
873 846 930 890 tom
952 839 1075 906 infimam
1095 839 1267 908 ingredientia
1279 839 1312 890 oi-

345 945 403 981 oem
419 953 455 964 —
469 926 576 994 penitae
589 924 805 992 perfringetaat.
840 921 984 990 Wulchins
1002 938 1085 991 quum
1108 921 1220 975 vidisset
1238 923 1309 986 aiau,

345 1021 402 1066 tum
415 1027 469 1062 non
483 1025 563 1077 posse
580 999 715 1072 distrahi,
732 1005 897 1062 seutentiam
919 1005 1032 1076 prorsus
1055 1007 1176 1076 ineptam
1194 1006 1312 1060 constituit

343 1100 398 1165 hae
421 1093 621 1161 explicatione:
647 1094 779 1161 secabant
791 1091 936 1157 liutardum
944 1111 983 1156 ,eo
1008 1093 1099 1146 adhuc
1115 1087 1249 1160 ternpore,
1270 1107 1310 1158 quo

343 1179 573 1252 ingrediebantur
588 1178 711 1230 intimam
730 1178 833 1231 nivem.
870 1176 939 1245 Quis
954 1179 1026 1231 eninr
1044 1176 1236 1246 italoquitur'i
1258 1175 1311 1244 Nul-

345 1269 389 1320 luo
411 1281 478 1318 vero
503 1263 589 1315 codex
610 1255 723 1331 exhibet
745 1264 898 1326 etiamtum,
929 1264 978 1315 sed
1003 1280 1097 1316 omnes
1113 1262 1159 1328 vel
1177 1270 1260 1314 toraca
1277 1261 1311 1311 ret

345 1361 417 1418 tam,
436 1349 508 1421 quod
523 1365 583 1400 esse
602 1353 693 1416 potest
712 1355 778 1400 taor.
796 1347 894 1412 9Quod
920 1347 944 1399 si
969 1348 1188 1412 restituerimus,
1207 1347 1312 1414 integer·
1357 1341 1358 1346 ’

345 1438 423 1490 rima'
433 1436 487 1490 erit
500 1434 636 1500 sententia
650 1435 737 1486 haec:
757 1433 880 1485 iumenta
904 1434 1054 1499 secabant,
1077 1447 1143 1498 nec,
1162 1437 1192 1484 nt
1208 1430 1313 1483 homines
1357 1455 1358 1460 =

347 1523 377 1574 iti
400 1520 493 1590 glacie
514 1537 567 1572 non
590 1533 686 1570 eorum
708 1516 858 1585 vestigium
879 1517 1031 1588 recipiente
1049 1519 1258 1582 volutabantur,
1277 1514 1313 1568 sed

345 1607 464 1660 tirmiter
487 1604 668 1658 incedebantr
697 1601 836 1655 interdum
862 1602 948 1656 etiam
975 1611 1069 1657 tamen
1099 1603 1129 1656 in
1152 1587 1243 1656 intima
1265 1602 1313 1654 nire

344 1692 499 1745 haerebant
516 1696 544 1743 et
559 1689 667 1757 penitus
681 1686 904 1756 pertingebant

382 1792 440 1846 Cic.
458 1793 513 1846 Off.
529 1792 556 1856 2,
573 1791 615 1857 ld,
634 1789 677 1845 49.
695 1807 808 1858 quarum
832 1791 882 1854 etsi
898 1790 1065 1844 laudabilior
1080 1798 1121 1845 est
1142 1778 1267 1858 deformia,
1281 1795 1314 1840 ta·
1357 1837 1358 1858 ,

261 1900 268 1908 ·
304 1947 305 1954 ¹
343 1895 407 1934 areu
422 1878 503 1932 etiam
520 1877 654 1929 accusatio
671 1877 790 1944 probata
802 1892 928 1945 persaepe
944 1884 991 1929 est.
1008 1875 1059 1928 nbi
1074 1894 1161 1945 quum
1178 1875 1250 1928 codd.
1268 1871 1313 1940 qni-
1357 1879 1358 1946 t

232 1955 235 1966 '
347 1963 411 2017 dem
429 1962 557 2015 omittant
574 1955 676 2025 etiam,
703 1959 896 2031 Heusingerus
917 1967 945 2014 et
964 1961 1085 2016 Beierus
1108 1963 1138 2016 id
1162 1961 1314 2017 abiecerunt:
1357 1997 1358 2006 ,

270 2087 274 2096 ·
345 2049 394 2104 sed
408 2032 608 2118 interemerit
622 2046 754 2118 Orellins.
1357 2037 1358 2058 ¹

364 2175 416 2237 18.
452 2171 638 2257 Scriptores
659 2171 765 2236 nostri
788 2169 950 2257 temporis
972 2168 1171 2256 saepissime
1199 2175 1314 2232 utuntur

179 2257 185 2271 '
275 2254 587 2346 formulafortaose
606 2257 732 2337 etiam',
747 2255 788 2320 ad
808 2255 1015 2345 germanicae
1039 2256 1175 2406 iinfiuae
1196 2271 1313 2317 consue·
1357 2261 1358 2264 ’

153 2401 157 2414 .
199 2347 226 2380 ·“
275 2346 427 2410 tudinem
446 2337 600 2408 conficta.¹
641 2343 752 2407 Latini
768 2354 892 2408 veteres
914 2364 984 2406 non
1007 2342 1053 2406 ita
1080 2341 1275 2428 leuantur,
1292 2343 1315 2397 et

275 2432 381 2500 sicubi
409 2429 487 2496 haec
522 2429 620 2494 verba
649 2429 811 2493 collocata
845 2429 1079 2508 inveniuntur,
1122 2429 1230 2493 etiam
1249 2421 1313 2488 dici·

273 2530 332 2582 tur
351 2517 401 2582 vel
424 2539 500 2581 curn
517 2515 677 2603 temporis
693 2516 843 2584 motione
873 2514 954 2602 (vid.
979 2513 1026 2596 V,
1053 2517 1124 2601 6.),
1143 2514 1197 2580 vel
1217 2515 1250 2579 in
1270 2505 1315 2573 ad-

192 2607 196 2615 ’
275 2604 460 2670 scensione.
502 2600 626 2666 Dicunt
643 2623 720 2666 vero
735 2613 768 2666 et
781 2599 942 2687 fortasse.

363 2710 419 2769 19.
438 2704 699 2790 Componuntur
714 2703 814 2768 verba
839 2725 918 2766 mox
932 2702 1058 2780 etiam,
1080 2712 1142 2786 ut,
1165 2698 1253 2790 quod
1275 2715 1315 2760 ac·

273 2791 389 2873 cedat,
411 2788 625 2875 significetur.
671 2788 830 2854 Similiter
840 2789 1057 2876 post'etiam.

278 2890 290 2986 L
322 2941 324 2947 f
379 2911 479 2965 Horat.
494 2908 583 2980 Epist:
598 2910 625 2977 2,
641 2910 667 2974 l,
683 2909 743 2962 12³.
762 2915 865 2977 torquet
883 2905 917 2962 ab
933 2911 1066 2962 obscoenis
1083 2911 1143 2964 iam
1157 2919 1317 2962 auneiserne

237 3049 239 3058 ,
345 2995 424 3049 ailus
438 2985 539 3058 aurem,
553 3013 612 3049 moa
627 2995 707 3048 etiam
720 3002 811 3064 pectus
822 2995 973 3066 praeceptis
984 2999 1092 3061 format
1109 2983 1315 3057 amicisztffi·

381 3098 444 3166 cto,
455 3100 489 3154 de
499 3074 575 3157 Orat.
592 3097 617 3163 l,
632 3096 676 3162 38,
690 3097 750 3153 1⁷2.
767 3105 866 3154 eeteros
879 3116 933 3150 aon
948 3099 1075 3152 dubitabo
1089 3101 1212 3168 priorum
1226 3092 1318 3148 inertiae
1356 3131 1357 3170 ,

346 3187 520 3242 condemnare
534 3185 666 3239 scatentia
680 3199 756 3251 mea,
775 3191 835 3253 poet
849 3184 931 3256 etiam
945 3183 1140 3252 impudentiae.

182 3379 196 3386 ,
359 3313 414 3376 20.
440 3306 540 3393 Quod
555 3307 589 3370 in
605 3327 671 3370 una
687 3307 848 3390 sententia
862 3305 962 3372 verba
983 3305 1057 3369 iam
1074 3317 1110 3370 et
1128 3307 1238 3373 etiam
1255 3320 1318 3365 con·
1356 3291 1357 3365 i

275 3397 476 3483 iunguntur,
502 3392 628 3456 nullam
654 3391 875 3456 offensionem
900 3390 1009 3455 habet.
1054 3391 1100 3456 Et
1119 3392 1275 3458 differunt
1292 3403 1318 3445 ee

205 3525 207 3530 ψ
276 3483 317 3546 ab
334 3480 556 3546 nuncetiam.
589 3477 993 3564 ‘Saepiusetiamimhis
1012 3478 1181 3566 significat
1203 3475 1320 3542 aderet

275 3579 349 3631 tum
373 3565 529 3654 proxime
546 3562 702 3629 collocari
722 3574 843 3652 potest.
886 3563 963 3629 vid.
980 3565 1022 3627 V.
1044 3575 1076 3628 et
1093 3567 1194 3658 Copt.
1211 3563 1251 3628 ad
1268 3557 1318 3621 co.

140 3659 143 3666 ⁴
241 3734 252 3748 ,
274 3654 382 3742 Epist.
399 3655 431 3732 4,
450 3659 479 3731 1,
495 3655 526 3716 9.

182 3825 185 3830 ,
358 3759 412 3818 21.
440 3751 583 3832 Quando
599 3751 749 3837 negativa
768 3750 929 3816 sententia
947 3753 998 3817 vel
1014 3751 1114 3815 notio
1135 3759 1319 3816 connecten-

275 3839 316 3904 da
334 3851 394 3920 est,
418 3839 525 3902 Latini
547 3839 661 3902 dicunt
679 3858 803 3923 aeque,
824 3838 888 3901 nisi
902 3839 1034 3922 negatio
1053 3840 1220 3924 peculiari
1236 3830 1320 3900 modo

276 3945 354 3992 oum
370 3925 508 3992 nominc
525 3923 697 3996 cohaeret,
721 3932 777 3988 aut
795 3915 938 4009 graviori
954 3925 985 3988 vi
1002 3925 1204 3990 intenditur.
1239 3913 1320 4001 Quod

164 4032 166 4036 ·
275 4031 354 4075 vero
378 4033 487 4099 nuper
510 4012 560 4075 vir
583 4009 719 4094 quidam
745 4007 862 4074 doctus
887 4009 921 4072 in
951 4008 1137 4098 Ephemcr.
1176 4007 1277 4074 schol.
1301 4025 1321 4064 a·

276 4100 373 4164 1829.
397 4101 502 4161 n.18.
532 4119 567 4182 p.
584 4100 637 4159 99.
667 4095 855 4174 contendit,
886 4116 1071 4180 numquam
1101 4097 1208 4160 verba
1233 4093 1321 4159 etiam

275 4203 342 4247 aaa
364 4184 520 4271 proxime
539 4181 718 4269 componi,
740 4180 774 4246 id
800 4197 939 4268 prorsus
963 4203 1032 4247 esse
1051 4177 1205 4268 falsum,
1224 4186 1322 4247 nostro
