2758 4726
318 321 328 330 ”
344 369 580 438 roursssu.
623 371 869 455 rourassss.
943 317 947 325 ¹
1055 377 1121 443 ras

78 527 231 614 xfortasse
252 523 365 613 potius
388 545 486 611 quam
503 523 669 617 fortassis
692 525 870 610 diceretur,
906 526 981 614 quis
1003 527 1123 594 scilicet

28 639 30 646 ’
76 611 243 700 fortassis
260 608 438 674 absurdum
455 611 586 674 auribus
604 610 789 694 videbatur,
810 621 925 676 auctor
941 623 989 677 est
1005 613 1124 678 Cbsri-

84 699 170 760 sius:
201 695 493 761 cuius'testimonio
513 705 682 780 permotus
699 697 874 786 legendum
892 695 1123 789 arbitrorsor-

84 793 207 862 tasse,-
231 803 301 844 non
323 779 483 866 fortassis
504 781 538 844 in
560 779 665 868 Epist.
690 787 722 846 8.
753 782 839 846 libro
864 778 980 868 primo
999 778 1039 844 ad
1057 783 1123 862 Qu.

84 865 172 931 Frat.
204 886 308 952 quum
341 867 533 952 pracsertim
565 865 599 930 in
632 889 707 930 meo
739 887 874 953 quoque
906 865 1006 932 veteri
1034 865 1121 931 libro

84 951 147 1012 scri
172 961 243 1014 tum
269 949 396 1015 videam
406 946 595 1036 fortasss.“
636 951 732 1038 Apud
757 951 917 1017 Orellium
937 952 1123 1016 nomentio
1226 1031 1228 1037 Ι

84 971 217 1120 quitiam
233 1032 269 1098 fit
286 1035 418 1099 alicuius
436 1035 685 1121 discrepantiae:
706 1046 816 1101 tamen
827 1033 989 1124 fortassis
1004 1035 1124 1122 legitur

82 1119 120 1184 iu
143 1119 340 1184 editionibus
359 1120 600 1208 antiquissimis.
641 1120 691 1185 De
707 1121 774 1184 Off.
792 1127 822 1202 2,
845 1126 875 1202 6,
900 1126 950 1187 21.
971 1141 1059 1185 nune
1081 1141 1124 1186 ex

85 1205 279 1268 auctoritate
302 1204 452 1290 codicum
479 1205 699 1290 quorumdam
724 1207 846 1271 editum
870 1217 935 1271 ests
972 1207 1023 1270 ita
1042 1203 1125 1294 for-

83 1299 178 1352 tasse
204 1289 309 1352 etiam
332 1289 466 1355 brevior
487 1287 662 1353 videbitur.
703 1288 741 1355 In
769 1291 896 1355 Verrin.
921 1297 954 1370 2,
976 1292 1121 1371 48,107.

84 1383 153 1435 tres
169 1373 297 1438 codices
311 1373 468 1440 exhibent
476 1371 660 1460 fortassis,
676 1371 751 1452 sed,
767 1376 995 1462 sianptium
1012 1369 1124 1439 budia-

82 1477 171 1538 mus‚
192 1458 278 1524 male
289 1461 418 1546 poetico
432 1459 530 1524 verbo
543 1460 722 1546 abutentes.
766 1459 893 1526 Tamen
904 1461 1124 1558 Sylviusrtm-

84 1541 202 1608 bianus
227 1546 369 1632 appellat
398 1545 593 1633 particulam
615 1543 781 1634 fortassis
811 1556 990 1610 oratoriam
1021 1545 1124 1630 magis

85 1648 185 1716 quam
209 1631 383 1718 poeticam.
426 1630 464 1693 Iu
479 1629 583 1715 Epist.
608 1628 647 1690 ad
669 1627 757 1694 Fam.
773 1636 804 1710 2,
823 1635 872 1710 16,
891 1633 940 1694 18.
972 1629 1124 1716 antiquae

87 1711 246 1778 editiones
276 1714 468 1802 perhibente
508 1713 569 1778 sed
599 1735 663 1799 ego
689 1711 850 1800 fortassis
875 1715 1052 1778 vaticinor.
1089 1733 1125 1802 ps

87 1797 178 1862 Sext.
196 1803 227 1876 5,
251 1806 300 1864 12.
324 1811 403 1888 quot
416 1799 570 1864 stimulos
588 1798 777 1864 admoverit
797 1800 943 1875 stamini,
973 1799 1125 1864 studioso
1200 1857 1203 1864 .

75 1881 244 1973 fortassis
268 1885 440 1949 victorias.
469 1884 575 1948 Nemo
593 1884 672 1946 hacc
687 1881 888 1949 attrectavit)
921 1884 1046 1958 Scilicet
1061 1885 1126 1949 nisi

86 1962 254 2030 Charisius
269 1991 311 2031 ex
327 1969 455 2032 aurium
475 1986 572 2030 sensu
593 1968 738 2052 regulam
761 1967 996 2052 constituisset,
1024 1991 1123 2033 nemo

22 2117 26 2126 ,
80 2051 262 2136 quisquam
291 2073 362 2116 eam
388 2051 592 2114 desideraret.
634 2051 731 2198 Apud
759 2053 909 2117 Plautum
933 2054 982 2118 bis
1007 2055 1126 2142 legitur

78 2137 245 2226 jortassis
269 2137 357 2200 Asin.
380 2143 412 2213 2,
432 2140 464 2213 4,
491 2139 543 2200 86.
583 2135 666 2198 Βαοο
692 2139 701 2199 .
728 2137 759 2211 4,
783 2139 813 2213 4,
837 2143 890 2202 20.
947 2142 1052 2225 Atque
1080 2141 1126 2204 itu

89 2219 249 2285 Traianus
272 2221 358 2305 apud
385 2221 467 2286 Plin.
492 2218 593 2308 Epist.
617 2225 671 2284 68.
702 2230 732 2282 et
756 2213 877 2285 Plinius
901 2219 983 2284 Hist.
1007 2234 1073 2287 nat.
1094 2226 1126 2305 2,

87 2310 203 2389 20,18.
227 2311 341 2388 27,12,
350 2309 403 2371 77.
424 2305 556 2392 leiau.
569 2305 602 2369 in
616 2305 689 2392 Dig.
705 2309 837 2388 7,·1,12,
846 2309 878 2371 5.
904 2309 1053 2388 11,7,14‚
1062 2312 1093 2371 9.
1149 2339 1152 2358 ·

170 2439 456 2507 catanancen
475 2432 613 2526 'quidam
636 2440 839 2526 grammatici
861 2461 981 2504 novam
1006 2439 1128 2506 dictio-

88 2526 185 2606 nem,
207 2526 339 2612 einsqu'e
364 2536 531 2590 auctorem
558 2548 627 2590 esse
642 2523 784 2589 Gellium
810 2525 1047 2612 existimarunt.
1087 2527 1129 2590 At

90 2611 224 2696 antiqua
249 2611 278 2674 ei
296 2621 365 2676 erat
388 2612 502 2697 origoc
529 2632 606 2674 usus
623 2609 841 2674 renovabatur
855 2611 1032 2676 novissimo
1046 2619 1130 2674 tem-

116 2705 183 2759 o're.
238 2695 334 2760 Ratio
362 2697 516 2762 convenit
544 2716 619 2760 cum
648 2694 767 2758 formis
789 2693 935 2784 forsan,
958 2693 1126 2783 forsitan.

89 2717 182 2846 bibit
197 2779 317 2861 refert,
338 2791 450 2846 utrum
466 2781 593 2846 duobus
614 2779 778 2846 vocabulis
789 2779 968 2844 scribamus
975 2780 1128 2872 sortasse

91 2889 150 2940 raa,
168 2888 209 2930 an
221 2868 405 2931 contractis.
448 2867 572 2932 Dehas
588 2865 747 2950 particula
761 2864 847 2931 conf.
863 2865 972 2932 Cuiac.
993 2865 1127 2944 Observ.

88 2949 122 3034 9‘,
139 2955 191 3016 10.
220 2952 314 3016 Parci
327 2953 406 3048 Lex.
421 2953 494 3016 crit.
509 2975 543 3038 p.
556 2954 630 3016 498.

196 3069 312 3126 Sisenna
327 3071 397 3140 apud
412 3071 529 3126 Nonium
538 3069 568 3137 ,2,
577 3069 636 3124 101.
653 3086 710 3124 nv.
729 3071 874 3124 claritates
895 3068 962 3139 qnod
970 3062 1129 3140 fortassean

159 3173 191 3209 er
211 3157 347 3208 colnatale
372 3173 422 3209 sna
443 3173 545 3207 samma
569 3172 627 3208 cam
652 3155 809 3208 claritudine
830 3155 945 3207 celeritas
968 3149 1130 3222 confecisset.

85 3225 89 3232 ³
155 3241 247 3310 ,Varro
269 3240 303 3291 de
324 3240 367 3290 Re
381 3233 500 3304 r.t,'1tt‚
515 3238 557 3292 10.
575 3239 613 3312 yde
628 3233 744 3310 fructa,
772 3239 872 3306 iacuit,
899 3239 946 3291 icoc
964 3237 1037 3302 dico,
1055 3239 1131 3306 acad

155 3329 310 3394 fortassean
323 3325 372 3376 tibi
392 3323 513 3377 satiarit.
547 3318 614 3392 110,
630 3321 656 3376 l.
675 3322 721 3395 aui
738 3338 809 3374 secas
826 3321 925 3389 siquid
941 3322 1037 3374 diceres
1052 3323 1084 3374 dc
1099 3321 1132 3374 iis

98 3403 100 3410 ’
162 3401 323 3482 gentilitatis
347 3426 440 3470 caussa
458 3399 615 3476 fortassean
637 3414 720 3459 tecum
741 3405 843 3457 duceret
865 3422 974 3459 serram.
998 3405 1031 3457 de
1052 3406 1131 3480 iring.
1242 3457 1245 3464 ,

162 3491 223 3549 nat
245 3490 271 3558 4,
291 3490 317 3558 4,
338 3491 379 3545 10.
402 3482 561 3561 sortaissoa
581 3493 614 3544 ab
639 3507 668 3550 so
688 3497 814 3558 quatuor,
840 3491 908 3557 quod
929 3505 961 3543 ca
984 3487 1134 3560 quadripes

161 3579 265 3648 agitas.
284 3573 496 3641 14811111
514 3575 597 3650 bilpa
612 3575 697 3628 distas
715 3589 768 3626 essa
785 3573 873 3638 lacae,
895 3576 1051 3640 summissa
1062 3593 1133 3642 paa-
1242 3587 1244 3597 ¹

161 3661 254 3714 tiarae
270 3677 368 3730 maeque
383 3668 407 3713 ct
425 3661 525 3730 bones,
549 3676 611 3721 aaa,
622 3653 730 3728 africae
750 3656 848 3708 bestiae
868 3656 1022 3710 dicerentur.
1057 3657 1083 3724 1,
1105 3659 1132 3712 2.

162 3746 256 3799 aesta
270 3746 325 3810 illi,
341 3745 387 3814 qai
401 3745 484 3813 primi
501 3743 609 3795 aomina
626 3741 910 3810 impersonatam,
926 3734 1083 3810 fastmssaa
1103 3746 1132 3796 ia

164 3829 318 3897 quidudum
328 3831 382 3884 siat
397 3830 474 3900 lapsi.
507 3829 551 3880 Its
572 3843 588 3878 e
609 3824 685 3877 codd.
701 3823 1131 3896 Ἰιιιιιιο111111181113111111,(ιιιί
1214 3825 1218 3836 ’

164 3893 301 3964 samonis
316 3913 399 3967 edam
416 3915 445 3966 ia
462 3911 554 3966 verbis
582 3907 608 3975 a
630 3908 656 3961 8.
669 3903 793 3978 forsitan
808 3910 850 3961 laic
864 3909 919 3961 dies
939 3910 998 3962 idea
1019 3913 1135 3980 appelle·

162 3995 319 4062 turpata·
350 3999 460 4070 agonia.
494 3993 599 4064 corrigi
627 3992 736 4047 iuberet
759 3987 934 4062 masseca,
971 3993 1048 4048 nulla
1075 3982 1135 4050 erat

165 4085 270 4133 cumea.

199 4179 339 4248 (islllnst,
351 4179 378 4237 8.
400 4197 482 4254 sarm
496 4179 584 4238 amaia
599 4181 747 4238 statuaras
761 4179 969 4251 marmaissqae
977 4165 1135 4254 fanasssaa
