2852 4736
581 357 694 430 DVM.
1111 365 1177 433 308

72 480 97 524 Ι“
186 522 286 586 teneto,
308 517 348 572 ut
368 517 477 590 signum
498 533 613 572 esem
633 515 690 572 mro
707 514 817 572 abstuti.
850 515 914 572 tot.
928 513 956 582 4,
970 514 1039 582 Μ.
1061 531 1127 573 ιω
1145 525 1177 574 uc

188 608 288 661 dudum
314 605 374 658 tine
400 605 472 670 aste,
498 604 562 655 illuc
578 604 662 655 mutto
683 603 781 656 edocui
801 601 887 672 prior.
924 599 1029 666 Cistelt
1044 602 1071 669 4,
1090 603 1174 670 Mi.

187 708 251 746 uum
266 691 364 743 dadum
380 696 410 743 ut
426 689 587 744 accurrimus
604 693 658 744 etc.

223 793 314 850 Plaut.
330 793 404 845 Meu.
422 790 450 855 2,
464 789 490 856 3,
506 788 549 844 41.
575 791 674 845 scilicet
694 790 739 860 qui
761 792 861 845 meum
881 798 967 844 tecum
987 765 1075 856 uenit,
1098 808 1176 860 quom
1268 818 1275 834 .

186 881 292 952 pallum
306 877 373 929 mitt
389 874 516 928 detulisti.
552 871 619 940 Μ,
636 875 662 926 l.
679 875 758 928 nimis
776 878 856 930 stulte
884 876 984 928 aaron
1001 876 1074 941 feci,
1099 894 1176 945 μοι

186 964 350 1032 marsupium
358 960 516 1012 Messenioni
524 975 581 1024 eum
594 966 709 1028 urgento
724 960 881 1014 concredidi
914 959 1014 1014 Boetia.
1023 959 1175 1018 tleCousol.

184 1048 212 1102 2.
230 1055 295 1099 met.
312 1047 338 1097 1.
364 1045 429 1096 lteec
451 1060 529 1111 quum
544 1046 660 1114 ruperto
674 1046 784 1099 uerterit
804 1040 871 1098 uices
894 1044 1005 1110 Mra,
1022 1071 1058 1084 -
1073 1047 1175 1124 dudan

185 1131 333 1186 tsernemlos
347 1145 428 1180 saecu
440 1128 555 1196 proterit
570 1143 654 1198 reges.

222 1232 314 1285 Plnut.
330 1231 433 1284 Bacch.
450 1229 476 1295 4,
490 1230 516 1296 9,
531 1230 574 1284 31.
607 1246 683 1300 qupm
701 1210 800 1284 emunit
814 1227 1004 1282 Mnesilochum
1021 1248 1079 1284 cum
1092 1249 1174 1288 usum

187 1332 243 1369 esse
257 1316 358 1367 dudam
372 1317 479 1380 militis,
507 1317 546 1367 iti
567 1315 611 1368 oia
632 1333 672 1368 nse
695 1311 799 1369 exsolui.
834 1313 882 1366 uti
897 1315 1062 1386 ambigitur,
1079 1321 1173 1374 utrun

189 1401 290 1453 dudum
305 1400 340 1453 ed
358 1417 434 1470 quoru
450 1399 549 1454 censuit
562 1399 712 1468 pertineat,
735 1415 771 1454 sn
785 1399 820 1455 ud
837 1417 898 1455 ecre.

125 1592 128 1598 .
203 1540 235 1602 9.
267 1535 321 1598 Sic
345 1535 441 1599 etiam
467 1535 499 1599 in
524 1535 593 1604 aliis
614 1536 813 1604 dictionibus
839 1527 970 1602 duodoni
992 1561 1011 1603 a
1036 1536 1172 1604 comicis

69 1695 70 1700 γ
116 1622 262 1712 ponitur
278 1621 317 1684 de
330 1625 482 1706 teinpore
500 1634 669 1707 praesente
685 1623 735 1688 vel
752 1624 916 1710 praesenti
934 1624 1112 1712 proximo,
1134 1633 1173 1688 ut

117 1706 347 1794 germanicum
365 1703 457 1770 ebert.
503 1708 595 1772 Vnde
610 1707 737 1774 lactum
754 1718 820 1788 est,
839 1720 875 1773 ut
890 1732 932 1774 ex
951 1711 1073 1796 vulgari
1089 1729 1173 1774 con·

117 1791 291 1858 suetudine
306 1792 506 1862 recentiores
523 1815 587 1882 pro
614 1795 725 1884 paullo
749 1806 847 1884 post,
871 1793 963 1882 quod
987 1807 1036 1862 est
1055 1796 1172 1880 modo,

90 1887 299 1968 iponerent.

117 2017 120 2025 ¹
221 1999 313 2051 Pleut
329 1996 460 2062 Merui,
483 1995 510 2064 8,
535 1999 599 2054 tte.
633 2001 789 2070 Lysimacho
815 2001 900 2054 amica
928 2001 1077 2054 mundatos
1106 2001 1173 2056 irre

73 2152 75 2158 Α
119 2131 123 2136 .
186 2083 224 2136 nsi
235 2090 343 2152 portem
360 2082 465 2134 tuerat
483 2084 655 2139 tectorium.
680 2087 700 2138 i.
716 2103 739 2138 e.
767 2099 847 2136 nnnc.
882 2085 989 2154 Apulei.
1012 2087 1079 2140 Met.
1100 2085 1126 2139 n.
1143 2105 1172 2156 p⁸

184 2167 246 2232 184,
262 2167 303 2220 lt).
332 2167 469 2219 comitibus
484 2164 608 2235 adscitis,
635 2171 832 2240 qutxoutueruti
846 2179 1045 2236 remensum,
1061 2171 1172 2230 ,delun

188 2258 335 2307 recurrunt.
352 2250 401 2305 ubi
418 2249 486 2304 olim
504 2254 672 2324 scripserunt
686 2261 812 2308 actutum.
848 2313 850 2320 ¹

567 2408 728 2494 DVM.

203 2587 230 2658 Ι.
256 2599 286 2660 1.
319 2589 490 2681 Origineur
509 2588 749 2659 coniunctionis
766 2607 844 2660 nvn
857 2611 958 2680 supro
976 2611 1017 2655 ex
1043 2588 1120 2654 licui
1135 2587 1171 2655 in

116 2695 250 2746 noune.
294 2678 464 2768 Siguificat
495 2681 656 2769 temporis
691 2682 853 2768 spatium,
886 2676 976 2764 quod
1032 2699 1090 2741 uae
1117 2698 1171 2741 res

118 2766 217 2830 simul
245 2776 419 2854 occupant.
482 2767 566 2834 Nam
591 2768 734 2848 interea,
778 2787 882 2852 quum
917 2763 1016 2828 alteru
1045 2772 1171 2851 egatus,

119 2851 220 2916 altera
238 2854 333 2922 etiam
355 2853 405 2938 agi
424 2851 552 2918 dicitur.
596 2853 649 2918 Sic
665 2854 762 2918 nnius
786 2853 833 2916 rei
858 2861 1012 2938 tempore
1037 2851 1171 2934 eiusque
1197 2909 1199 2916 ⁴

119 2933 260 3002 decursu
291 2937 446 3003 definitur
485 2938 617 3006 alterius
655 2941 702 3004 rei
742 2947 885 3026 tempus.
946 2935 984 3024 ln
1015 2959 1054 3001 eo
1090 2956 1169 3001 vero

118 3025 276 3108 quoniam
292 3034 360 3088 tres
376 3023 467 3088 modi
483 3047 539 3090 seu
565 3033 675 3113 partes
701 3025 830 3121 concipi
854 3025 1013 3110 possunt,
1039 3017 1170 3088 initium

118 3109 299 3200 temporis,
328 3109 530 3197 perpetuitas
562 3122 594 3176 et
625 3109 718 3188 finis,
752 3131 901 3196 primum
931 3103 1013 3170 dum
1034 3102 1169 3183 indicat,

116 3202 208 3274 turn,
234 3216 341 3280 ‘quum
359 3194 457 3258 altera
473 3217 525 3260 res
542 3197 712 3260 exsisteret
733 3193 782 3258 vel
801 3204 902 3274 esset,
932 3192 1067 3256 alteram
1085 3213 1170 3278 qno-

119 3301 181 3364 que
205 3279 366 3344 exstitisse
385 3281 435 3345 vel
453 3277 564 3347 fuisse.
616 3281 693 3362 Quo
711 3281 859 3348 universa
878 3279 961 3342 ratio
979 3286 1169 3366 temporum

22 3423 23 3426 ,
118 3365 301 3451 aequalium
329 3367 538 3454 exprimitur.
586 3365 642 3430 Est
667 3366 767 3454 igitur·
790 3365 906 3430 inclem
930 3375 961 3428 et
983 3363 1168 3430 wdlorendr

120 3469 263 3535 quorum
287 3451 369 3515 illud
400 3452 530 3517 initium
555 3452 697 3538 aequalis
727 3451 880 3531 aetionis,
920 3449 1170 3515 hocin1.cursu

119 3537 245 3622 aequali
270 3538 413 3622 aliquam
446 3548 573 3624 partem
600 3538 733 3602 indicat.
789 3539 896 3622 Atque
921 3533 1000 3602 haec
1024 3535 1170 3623 simplex

118 3624 201 3686 ratio
219 3624 410 3708 temporalis
426 3623 639 3690 indicativum
658 3623 748 3687 verbi
765 3623 899 3686 assumit
916 3623 964 3687 vel
988 3623 1167 3708 proesentis

119 3707 169 3771 vel
193 3707 380 3795 imperfecti
404 3709 453 3774 sel
478 3709 593 3774 futuri.
636 3709 724 3774 Raro
744 3713 883 3795 ponitur
905 3707 1087 3794 perfectum
1105 3729 1166 3796 pro

118 3794 259 3876 sociato,
285 3795 319 3859 in
342 3815 408 3881 quo
425 3795 590 3862 interdum
612 3795 758 3860 conditio
782 3793 976 3878 intelligitur
999 3795 1168 3875 contiuua,
1245 3831 1247 3836 ·

118 3879 173 3943 sed
206 3901 274 3944 uno
308 3882 471 3967 temporis
509 3883 673 3968 praeteriti
711 3889 882 3944 momento
916 3878 1167 3966 comprehensa.

118 3963 449 4054 significetur.snim:
472 3967 511 4031 ab
528 3989 567 4031 eo
584 3968 746 4056 temporis
759 3974 986 4054 puncto,‹quo
1004 3965 1082 4052 quid
1100 3985 1171 4029 csse
1236 4015 1240 4026 .

61 4115 64 4120 ,
118 4053 239 4138 coepit.
258 4099 261 4106 .
283 4051 646 4140 Plusquumpe'rfectum
665 4054 807 4120 alienum
825 4061 927 4131 esset,
948 4050 1009 4116 uisi
1026 4051 1070 4114 ita
1088 4050 1168 4136 poni

116 4149 246 4220 posset,
277 4149 313 4202 nt
335 4138 432 4203 alieni
455 4138 546 4204 verbi
564 4143 755 4222 notionem,
782 4157 867 4226 quae
882 4137 1018 4205 actionis
1033 4156 1168 4203 cursinn

119 4219 271 4303 denotat,
292 4224 392 4290 simul
408 4226 578 4314 reciperet.
