2802 4732
229 316 329 380 css·
483 404 485 410 ,
618 305 855 374 ΕΤ.

301 432 443 520 Carneade
452 464 526 532 suit,
550 465 627 518 terno
647 469 673 517 el
688 471 830 518 custus-
846 437 1016 536 adtingens.
1050 464 1088 520 El
1103 455 1220 552 quatuor
1236 466 1296 522 eius

300 551 365 604 libri
380 557 442 602 sunt
457 552 489 603 de
502 549 665 616 sustinendis
678 551 879 628 msensicnilus.
914 552 947 603 ln
964 549 1062 620 quibus
1075 551 1202 606 omnibns
1216 554 1295 609 Goe-

301 633 412 688 reuaius
429 641 455 687 et
467 652 519 704 pro
536 641 561 687 et
575 652 640 690 sune
655 633 780 704 accepit:
799 633 872 703 quod
888 635 1004 689 nimium
1020 640 1089 693 erut.

318 776 351 836 2.
381 771 448 838 Vbi
478 769 585 856 aliqua
610 770 726 852 notio,
765 771 834 838 sive
859 771 994 858 aliquod
1017 771 1175 854 verbum,
1214 795 1295 840 cum

142 878 147 882 ·
236 855 380 940 graviori
397 855 606 934 voculatione
621 856 911 945 pronuntiandum
928 870 995 938 est,
1031 869 1064 923 et
1078 859 1113 922 in
1129 862 1295 927 sententia

236 941 459 1028 principatum
479 942 624 1026 obtinet,
643 943 869 1031 praemittitur
886 945 914 1006 ei
932 955 981 1022 et,
1006 946 1097 1029 quasi
1113 947 1293 1011 enacrusis.
1354 943 1359 950 ’

238 1027 340 1105 Quod
358 1041 462 1114 'quum
476 1051 545 1104 non
560 1051 600 1092 co
625 1029 811 1109 novissent,
833 1031 1038 1114 grammatici
1056 1030 1242 1096 docuerunt
1259 1043 1295 1096 et

194 1159 198 1167 .
238 1134 307 1176 esse
327 1125 364 1178 et
386 1137 480 1180 sone.
514 1114 578 1178 vid.
596 1054 761 1180 (luerent.
777 1115 816 1180 ad
836 1116 905 1180 Cic.
925 1116 965 1178 de
980 1117 1060 1203 Leg.
1077 1121 1108 1195 2,
1124 1121 1155 1191 3,
1172 1122 1205 1180 l.
1241 1121 1294 1198 18,

237 1197 290 1262 46.
308 1197 435 1264 defin.
456 1205 486 1276 1,
501 1203 533 1277 7,
549 1202 602 1265 25.
632 1205 683 1265 Ἀἰ
703 1201 795 1286 quod
818 1201 1092 1266 asseverationem
1116 1203 1294 1288 exprimat,

173 1297 176 1304 ’
236 1281 310 1380 ipsa
326 1297 373 1348 est
390 1285 541 1352 vocabuli
556 1286 680 1374 positio
695 1287 729 1350 in
746 1287 856 1371 primo
878 1286 967 1350 loco.
1013 1287 1073 1374 Sic
1092 1298 1142 1351 est
1165 1287 1314 1375 saepis-.

131 1437 141 1454 .
238 1370 422 1436 sime'v'alet
443 1393 517 1435 vere
535 1383 597 1438 est.
640 1369 690 1436 Et
715 1371 799 1436 nihil
825 1371 985 1460 exprimit
1003 1373 1068 1438 nisi
1088 1395 1216 1442 nexum
1230 1396 1295 1437 ne-

240 1449 433 1522 cessarium:
466 1477 567 1542 quare
592 1455 797 1525 Schvvarzius
821 1457 862 1522 ed
885 1456 967 1522 Plin.
985 1457 1063 1534 Pan.
1080 1480 1115 1545 p.
1132 1461 1207 1523 527.
1233 1482 1296 1523 ex-

238 1541 354 1627 plicuit
375 1565 457 1607 voce
477 1554 560 1606 tum.
610 1542 678 1606 Hac
699 1563 778 1608 vero
801 1541 913 1608 forma
936 1542 1103 1608 adduntur
1125 1567 1223 1632 saepe
1246 1568 1295 1628 ea,

242 1647 325 1712 quae
344 1628 543 1693 sententiam
561 1627 809 1696 antecedentem
827 1628 1037 1694 confirmant.

345 1747 403 1801 cte.
420 1748 454 1800 de
469 1747 582 1816 Leg42,
595 1748 621 1814 3,
636 1748 662 1803 l.
675 1753 678 1760 ⁴
687 1751 827 1820 praeclare
850 1743 963 1820 erigis‚‘
980 1750 1091 1815 Quinte.-
1117 1755 1147 1802 ct
1162 1767 1212 1820 ego
1227 1751 1295 1818 effu·

307 1832 379 1902 glise
394 1835 564 1888 arbitrabar:
584 1842 610 1886 et
631 1836 681 1888 titi
703 1837 798 1888 luorum
819 1835 889 1890 nillil
913 1835 1002 1886 deleri
1022 1841 1116 1904 potest.
1150 1835 1177 1899 2,
1193 1834 1235 1899 18,
1251 1835 1296 1898 lli.

256 1959 259 1962 .
307 1935 387 1969 ueros
415 1925 441 1974 et
457 1920 625 1987 apertissima
641 1927 704 1972 sunt
723 1921 781 1972 istis
800 1921 833 1989 de
855 1921 931 1972 rebus
953 1925 980 1970 et
1000 1937 1126 1988 respousa
1149 1927 1174 1971 et
1195 1921 1296 1988 scripta

308 1995 402 2053 inulta.
436 2002 535 2072 vtrgit.
550 2004 617 2056 Aen.
634 2002 678 2067 12,
694 2002 736 2056 ts.
762 2023 841 2073 quam
859 2024 911 2075 pro
935 2021 976 2058 rue
998 2021 1089 2078 curam
1110 2005 1199 2074 geris,
1225 2007 1296 2058 leuc

306 2101 419 2156 precor,
443 2077 554 2156 optime,
582 2105 634 2157 pro
646 2106 687 2141 rue
702 2091 835 2157 depones,
856 2091 985 2159 tuamque
998 2091 1072 2142 sinus
1084 2106 1135 2161 pru
1144 2091 1232 2142 ‘laude
1244 2109 1296 2160 pu-

311 2169 381 2221 cisci.
415 2171 516 2242 Etpnoa
536 2174 605 2237 tela,
622 2181 718 2242 peter,
730 2177 888 2245 ferrumque
904 2175 981 2227 ¹ltnud
1004 2173 1090 2226 debile
1108 2173 1203 2226 uestra
1218 2192 1297 2244 spar-

282 2277 286 2294 =
308 2255 407 2340 gissus.
449 2255 515 2308 Sine
546 2273 644 2310 caussa
664 2263 822 2324 suspectum
847 2265 908 2313 erat
927 2258 1072 2324 Ernestio,
1100 2259 1172 2327 quud
1193 2259 1296 2328 legitur

309 2337 382 2405 apud
396 2338 454 2393 Cic.
471 2341 574 2397 annu
589 2342 616 2410 2,
629 2341 672 2396 19.
699 2343 786 2397 multu
807 2361 849 2398 rue
872 2344 1016 2400 sollicitent
1029 2370 1080 2398 -.
1118 2344 1156 2397 Et
1175 2353 1296 2418 sescenta

310 2431 382 2478 suut.
700 2443 702 2456 *
853 2445 855 2453 ’

346 2527 407 2580 Nou
429 2509 548 2606 latinum
571 2545 631 2583 esse
656 2533 722 2599 puto
745 2529 789 2594 id,
812 2529 888 2598 ,quod
910 2529 1075 2583 Gernhsrdo
1097 2529 1202 2598 placuit
1225 2529 1297 2598 apud

313 2611 561 2679 eic.dss‹2a.1t,
579 2613 621 2674 59.
647 2633 710 2686 quos
727 2614 841 2690 (libros)
857 2616 954 2684 legite,
980 2632 1092 2684 quaese,
1118 2615 1248 2679 studiose,
1271 2621 1298 2668 et

260 2749 262 2752 .
305 2699 409 2768 fucitis.
445 2701 542 2769 Neque
556 2699 684 2753 adhiberi
695 2701 863 2768 potesthaec
874 2699 1022 2768 explicatio
1038 2699 1073 2752 nd
1085 2700 1178 2752 locum
1192 2697 1269 2764 9,28.

346 2801 562 2871 virginitate,
580 2801 622 2855 43.
641 2803 816 2870 iampridem
839 2821 858 2854 u
879 2819 919 2854 rue
942 2803 1002 2854 illos
1024 2802 1152 2855 abducere
1168 2799 1298 2867 Thestylis

310 2893 393 2938 orati
416 2895 442 2940 et
459 2891 562 2954 faciet,
589 2889 714 2957 monium
731 2888 840 2940 sordent
858 2887 908 2938 titi
924 2904 1036 2939 munuc
1057 2892 1158 2938 nestra.
1185 2885 1296 2952 Anthol.

313 2967 374 3023 list.
383 2971 409 3037 2,
419 2971 480 3037 246,
496 2973 538 3025 63.
557 2991 626 3025 nunc
641 2973 732 3037 laede,
753 2973 946 3036 nunciarem,
970 2971 995 3022 si
1009 2972 1151 3040 quidquam
1166 2973 1254 3023 cales:
1274 2978 1299 3022 ct

310 3073 405 3110 nornen
417 3059 538 3110 adscribo
553 3065 634 3110 tuum.
660 3057 713 3109 vni
728 3062 834 3111 temere
849 3045 992 3126 corrigunt
1006 3061 1047 3108 en.
1072 3055 1180 3123 Apulei.
1196 3053 1297 3109 Metu

310 3140 437 3207 pmii.
451 3149 478 3196 et
492 3161 562 3196 nunc
578 3143 627 3196 isle
642 3160 749 3198 securus
767 3142 918 3204 incumbens
929 3142 1068 3211 praesepio
1082 3141 1226 3193 voracitati
1236 3155 1299 3192 sune

311 3226 433 3281 deseruit.
454 3226 473 3280 i.
490 3245 515 3280 e.
533 3233 595 3295 post
609 3234 666 3286 tam
683 3229 829 3280 scelestum
843 3226 961 3282 facinus.

263 3342 265 3350 '
348 3327 533 3392 climacus,
543 3327 619 3392 &18,
641 3337 667 3383 et
683 3330 808 3387 sentilla
821 3331 958 3399 sepientis.
972 3329 991 3382 i.
1001 3347 1025 3382 s.
1047 3333 1075 3382 et
1092 3332 1154 3380 sunt
1166 3327 1299 3395 proiecto.

311 3431 340 3486 p.
356 3413 417 3467 Mil.
433 3413 476 3480 tt,
491 3413 535 3467 91.
563 3423 588 3467 et
602 3423 665 3468 sunt
683 3415 728 3484 qui
750 3416 783 3473 dr
800 3417 846 3474 viu
862 3417 946 3486 appia
960 3421 1121 3484 querantur,
1141 3418 1250 3464 taceant
1269 3412 1300 3463 de

312 3499 397 3553 curta.
423 3492 675 3566 vectitarent.
694 3516 850 3564 conuenere,
864 3502 978 3566 firmata
992 3501 1082 3563 cultu,
1101 3498 1161 3550 Piso
1175 3489 1300 3574 orluersus

211 3631 216 3635 .
314 3590 426 3648 nuum,
453 3584 626 3638 Germanicus
648 3603 681 3637 ne
704 3585 805 3636 minari
825 3585 982 3636 crederetur.
1016 3583 1054 3634 Et
1068 3588 1143 3646 erat,
1167 3588 1198 3633 ut
1212 3581 1299 3642 retuli,

254 3709 255 3712 ,
314 3668 474 3722 cuneatior.
499 3669 573 3726 nist
587 3669 614 3737 3,
626 3669 653 3724 6.
672 3677 698 3724 el
705 3673 786 3737 fuere
802 3669 847 3738 qui
861 3685 887 3718 se
897 3669 989 3720 statim
1005 3669 1137 3720 dederent.

191 3775 193 3782 ’
283 3836 285 3842 Ι
348 3771 439 3828 Tacit.
451 3771 530 3826 nist.
540 3772 566 3839 1,
581 3772 606 3826 2.
627 3783 739 3828 ceterum
754 3780 867 3840 utreque
882 3773 974 3823 euodes
989 3752 1096 3823 sinistre
1113 3775 1229 3838 accepta.
1265 3769 1302 3820 Et

313 3859 398 3910 inciso
413 3860 490 3911 semel
501 3859 623 3928 principe
637 3877 683 3932 seu
701 3861 764 3912 leue
779 3875 826 3911 seu
840 3857 910 3909 male
919 3859 1001 3924 sueto
1011 3860 1147 3924 premunt.

330 3979 363 4045 3.
391 3977 454 4040 Hic
486 3976 704 4042 voculationis
732 3975 884 4054 modus.
911 3995 1011 4061 quem
1046 3970 1305 4037 cum‘nnacrusi

193 4075 221 4106 '⁴
246 4062 385 4128 metrica
416 4068 704 4150 comparavimus,
739 4063 839 4126 etium
858 4057 911 4126 ¹ibi
936 4060 1048 4124 locum
1072 4056 1219 4135 obtinet,
1249 4055 1307 4120 uhi

246 4147 282 4210 iu
308 4146 482 4234 alteravel
508 4151 673 4216 contraria
696 4158 792 4238 parte
821 4143 945 4236 aliquid
974 4155 1022 4210 est
1051 4143 1306 4230 designandum,
