2782 4730
257 417 323 482 608
722 409 832 476 ETSI.

326 562 398 636 quod
413 518 561 628 adhaeret,
590 559 694 616 iudicat
706 565 766 616 iem
780 561 808 617 iu
822 569 946 635 tempos·
958 559 1062 635 literis,
1087 569 1194 626 πίωσι·
1210 571 1244 626 de
1259 589 1300 640 oo,

326 650 398 722 qaod
413 644 591 716 fleripossit,
608 644 720 700 iudicat.
736 660 741 664 ·

360 749 530 806 Plautini
553 747 579 814 3,
603 745 629 814 2,
651 749 677 802 i.
700 749 747 818 pol
767 749 816 802 etsi
833 756 938 818 luceas,
968 753 1062 823 polorn
1084 755 1113 809 id
1134 758 1239 828 quidem
1258 769 1300 814 cst.

325 838 409 891 Teuc.
425 834 449 900 4,
465 833 491 899 3,
507 833 549 888 41.
576 833 633 888 Cio.
652 833 687 890 ud
701 835 778 886 Fam.
794 832 820 898 6,
835 834 861 900 4,
873 835 898 888 3.
920 853 988 889 nuno
1005 846 1109 892 tontum
1125 842 1245 897 uidemur
1261 848 1300 897 in-

325 924 446 992 telligere
455 919 513 972 'non
529 917 682 973 diuturnum
698 921 809 972 belluni
828 921 877 972 etsi
889 919 918 973 id
931 920 1018 990 ipsum
1033 927 1168 979 nonnullis
1181 929 1302 982 uideatur

326 1022 405 1060 secus.
431 1003 464 1056 do
479 1001 533 1058 011.
548 1004 574 1068 1,
589 1003 633 1069 24,
649 1003 692 1068 84.
708 1012 769 1058 suut
783 1006 868 1070 enim,
886 1007 932 1074 qui
943 1005 1011 1074 quod
1020 1010 1151 1075 sentiunt,
1169 1013 1300 1081 etsiopti-

277 1127 284 1138 ,
328 1107 399 1159 marn
414 1089 459 1156 sit,
469 1089 685 1143 tameninoidioo
699 1095 770 1142 metu
783 1103 837 1142 non
852 1091 951 1143 anderu
963 1093 1057 1145 dicere.
1090 1092 1150 1145 Nou
1166 1093 1300 1149 debebant

325 1168 415 1240 critici
438 1192 470 1227 ex
491 1190 545 1226 uuo
570 1173 664 1242 codice
689 1171 815 1242 recipere
838 1172 956 1241 etiarnsi,
992 1178 1062 1248 qnod
1088 1175 1198 1230 librarii
1222 1196 1299 1248 saepe

325 1257 496 1313 coniunctius
519 1257 723 1312 substituerunt
749 1260 784 1312 ud
798 1259 853 1312 ttt.
875 1259 902 1323 1,
919 1257 944 1312 3.
973 1257 1024 1313 etsi
1046 1259 1210 1328 cupidissime
1227 1283 1299 1334 espe-

322 1348 400 1399 litum
415 1364 433 1398 o
450 1359 491 1397 sne
506 1342 554 1410 sit,
576 1371 611 1383 —
632 1350 723 1397 tomen
745 1361 798 1395 uon
814 1351 852 1396 cst
864 1348 956 1395 nostra
971 1345 1133 1397 contentione
1147 1349 1298 1414 perfectum.

323 1430 385 1483 Ioiv.
400 1429 443 1493 21,
458 1427 501 1493 19,
519 1428 545 1481 4.
570 1445 745 1498 quamquam,
774 1425 823 1478 elsi
845 1428 936 1497 priore
952 1429 1061 1494 foedere
1079 1437 1212 1497 staretur,
1235 1437 1300 1486 sotis

323 1523 428 1568 cnutum
441 1521 499 1566 erut
516 1513 683 1584 Saguntinis.
704 1511 730 1576 3,
749 1507 792 1576 68,
807 1509 833 1563 9.
860 1508 942 1576 636,
957 1511 983 1564 l.
1011 1507 1056 1564 vd.
1071 1515 1210 1565 Drakenb.
1225 1516 1297 1582 auo,

322 1589 365 1664 42,
379 1598 405 1651 l.
427 1597 548 1651 Oudend.
564 1597 599 1650 ad
615 1599 692 1650 Caes.
717 1596 789 1650 Bell.
805 1595 872 1665 gull.
887 1595 914 1662 6,
933 1591 988 1650 46.’
1000 1603 1028 1650 et
1044 1595 1079 1650 u'd
1093 1598 1201 1666 Apulei.
1225 1600 1259 1653 T.
1274 1603 1297 1655 2.

359 1785 416 1838 Cic.
432 1802 457 1851 p.
476 1783 545 1836 soll.
561 1780 604 1846 32,
620 1779 663 1835 bb.
697 1781 745 1835 elsi
765 1780 835 1834 nibil
852 1779 928 1835 stood
951 1777 1043 1835 Sullae
1065 1781 1118 1836 nisi
1137 1789 1297 1842 consulatum

322 1870 509 1933 abstulissetis,
527 1876 616 1920 tomen
630 1884 659 1921 co
672 1885 718 1919 cos
733 1873 865 1918 contentos
881 1883 934 1918 esse
952 1867 1098 1935 oportebat.

357 1974 469 2026 Terent.
483 1945 551 2025 Eun.
567 1969 681 2036 2,1,16.
703 1967 818 2033 memini,
832 1967 939 2020 tametsi
952 1969 1039 2022 nullus
1049 1985 1162 2027 monens.
1187 1971 1296 2026 Sallust.

323 2059 382 2112 cst.
405 2057 432 2123 3,
453 2057 480 2110 2.
505 2075 536 2108 oo
558 2057 623 2108 mibi
642 2053 761 2124 quidem,
789 2053 894 2106 tametsi
913 2053 1118 2124 bandpuuqnarn
1138 2073 1193 2124 pur
1207 2059 1298 2126 glorio

276 2189 279 2196 ⁴
319 2149 444 2215 sequatur
460 2142 610 2210 scriptorem
624 2148 648 2192 el
665 2145 797 2192 sudorem
812 2155 914 2205 rerum,
934 2146 1023 2194 tomen
1038 2139 1165 2206 imprimis
1184 2139 1297 2192 arduum
1369 2179 1370 2184 ,

320 2229 424 2281 uidetur
445 2241 485 2276 res
507 2231 598 2294 gestos
617 2224 737 2276 scribere.
781 2224 904 2278 Kritzius
926 2222 1035 2291 scripsit
1057 2223 1189 2292 sequitur,
1215 2243 1296 2293 quum

320 2311 407 2366 omnis
429 2309 562 2363 dubitatio
585 2308 619 2359 sb
641 2306 694 2360 hos
715 2310 777 2362 loco
797 2310 912 2364 abesset.
945 2311 982 2365 At
1004 2314 1113 2378 poterat
1136 2325 1169 2362 ea
1192 2310 1295 2364 adesse.

319 2397 391 2454 Illud
409 2392 621 2458 babet›Gellius
641 2391 668 2458 4,
682 2391 737 2447 16-
784 2400 787 2406 ’
815 2385 826 2406 ”

354 2511 547 2566 coniunctim
571 2528 605 2564 ex
627 2511 719 2564 eliens
741 2509 940 2565 constructione
963 2525 1046 2582 saepe
1072 2509 1180 2579 pendet.
1204 2512 1294 2566 Plsut.

319 2600 397 2667 (ἔαρι.
409 2596 435 2661 4,
443 2596 470 2660 2,
479 2594 521 2648 lb.
541 2595 604 2666 quin
619 2597 659 2648 ito
669 2597 791 2663 sociam,
816 2602 847 2647 nt
860 2603 886 2647 te
901 2603 930 2646 tu
944 2596 1035 2663 cupias
1045 2597 1139 2659 fucere
1153 2604 1293 2664 sumptum,

316 2683 366 2736 stsi
384 2699 433 2751 ego
449 2690 538 2734 ostem.
574 2679 631 2733 cio.
648 2681 682 2732 de
699 2681 775 2732 Oret.
790 2679 817 2744 2,
831 2677 874 2744 62,
889 2678 949 2730 216.
970 2679 1003 2730 de
1019 2677 1079 2730 Fiu.
1095 2679 1119 2742 1,
1136 2679 1161 2744 1,
1180 2679 1204 2732 1.
1233 2681 1294 2733 cet-

318 2784 363 2820 sus
377 2765 403 2830 2,
417 2765 443 2818 b.
462 2783 493 2817 cs
513 2766 604 2832 quibus
625 2767 749 2834 colligere
767 2781 904 2834 possumus
918 2765 1054 2829 morbum,
1071 2764 1121 2816 etsi
1142 2781 1196 2816 non
1212 2766 1295 2818 inler-

316 2851 424 2914 etnerit,
443 2849 549 2918 longius
564 2857 654 2903 tomen
669 2857 770 2918 tenipus
786 2849 948 2902 bobburun.
1098 2845 1102 2859 ’

292 2997 295 3007 -
349 2967 533 3022 ludiostivum
548 2968 670 3040 sequitur
685 2965 872 3020 coniunctivae
887 2964 981 3018 eodem
998 2963 1093 3030 modu,
1111 2981 1193 3034 quem
1211 2983 1296 3036 supra

260 3105 262 3116 ,
314 3069 341 3126 p.
358 3039 420 3106 666.
440 3052 558 3118 exposui.
590 3053 648 3106 cic.
656 3054 734 3106 Brut.
742 3049 784 3115 d'l,
794 3049 853 3102 lte.
871 3052 959 3123 itopue
973 3067 1039 3113 enm,
1058 3049 1107 3102 elsi
1121 3068 1196 3102 neruo
1211 3051 1295 3103 inter-

265 3133 269 3140 ‘
314 3133 434 3206 oedibut,
461 3139 552 3206 quise
572 3139 613 3200 illi
633 3140 795 3204 anteferret,
820 3151 902 3204 neque
922 3135 1187 3202 seeundumtomcn,
1212 3153 1297 3204 nsque

314 3221 422 3276 unium
436 3217 555 3275 diresin.

328 3360 382 3420 13.
396 3423 399 3432 ,
412 3355 461 3420 Et
478 3356 524 3434 si,
543 3355 633 3442 quod
650 3366 734 3420 esset
748 3352 821 3418 und
830 3375 926 3420 weron
937 3351 1067 3438 ,latine
1078 3351 1204 3416 dictum
1222 3376 1295 3420 esse

245 3459 358 3527 uerno·
371 3441 512 3527 negabit.
557 3442 620 3506 Sed
639 3439 870 3527 exemplorum
889 3438 986 3524 copia*
999 3459 1065 3512 uon
1086 3449 1154 3502 tam
1173 3462 1296 3526 magna

247 3534 312 3603 ost,
326 3525 848 3613 quamquoevulgoexistimotur.
876 3525 1295 3610 Scriptoreseuimantiqui
1365 3531 1366 3562 ³

247 3608 430 3697 diligentius
442 3612 667 3698 providebunt,
683 3636 724 3678 ne
739 3612 949 3698 ambiguitate
963 3609 1181 3674 ostenderent.
1216 3609 1295 3674 Sue·
1365 3635 1366 3698 ᾗ

244 3695 319 3783 pius
339 3697 494 3761 dixerunt
511 3697 648 3784 quodsi:
677 3720 773 3784 saepe
792 3699 890 3780 etium
905 3696 953 3776 si,
977 3695 1069 3760 nullo
1091 3695 1293 3844 interposito
1365 3715 1366 3758 t

245 3780 466 3863 adminiculo,
490 3805 532 3848 ex
556 3805 622 3870 quo
645 3785 764 3850 criticis
788 3781 948 3846 dubitatio
973 3782 1118 3846 accidere
1140 3803 1179 3844 so
1193 3791 1230 3844 et
1251 3782 1293 3846 de
1365 3784 1366 3807 ¹

246 3867 396 3932 oratioue
413 3871 573 3934 nonsatis
589 3893 686 3936 neas.
718 3865 825 3953 Atque
848 3889 916 3934 non
937 3888 1036 3953 parva
1051 3875 1098 3930 est
1119 3866 1291 3930 interdum

245 3949 417 4016 difficultas
442 3951 570 4030 iudicii,
602 3978 705 4042 quum
719 3954 751 4017 si
766 3975 828 4039 pro
845 3953 910 4017 etsi
928 3952 1008 4038 poni
1025 3952 1139 4037 possit.
1183 3951 1291 4016 Nobis

242 4055 341 4118 vero,
378 4039 434 4124 qui
455 4039 533 4104 haec
552 4041 649 4105 uerba
674 4041 798 4104 diversa
821 4039 1097 4125 interpretatione,
1112 4037 1291 4124 distingui-

242 4139 336 4200 mus,
358 4125 539 4190 oaveudum
558 4127 636 4206 etit,
667 4149 709 4190 ne
732 4124 874 4211 antiquis
897 4123 1132 4210 scriptoribus,
1166 4123 1290 4206 quibus

243 4215 276 4268 et
293 4205 438 4294 sistque
456 4210 521 4276 etsi
544 4229 612 4278 uuo
635 4211 740 4278 modo
757 4210 936 4292 sonabant,
965 4209 1107 4274 alienatur
1119 4206 1291 4276 subtilita-
