2802 4732
503 441 505 451 Ι
606 359 683 425 nr.
815 437 819 451 Ι
1043 327 1169 429 [aas

116 508 207 606 quod
234 519 365 606 aequali*
385 505 599 596 submittatur
629 501 761 579 rationi.
818 509 929 577 Veluti
954 513 1054 604 qutun
1082 520 1170 606 apud

118 605 291 692 Virgilium
315 605 384 670 Ecl.
409 611 440 682 3,
465 608 518 666 60.
553 603 733 666 Damoetas
758 599 913 664 dixisset:
940 603 1029 668 Iocis
1051 605 1169 670 omnia

91 693 240 778 ·.plena.·
270 691 328 756 illc
343 690 423 756 colit
438 701 570 753 terras.-
598 687 655 750 'itta‘
677 707 754 751 mee
777 687 936 760 carmina
960 711 1073 756 curce.
1097 691 1172 756 Me-

117 778 227 840 nalcas
245 780 368 866 pergit:
402 775 450 840 Et
466 797 521 837 me
536 771 690 858 Phoebus
708 784 825 836 amat.-
846 773 982 838 Phoebo
998 797 1062 838 suu
1080 801 1171 840 sem-

116 883 180 950 per
198 863 293 948 apuu
318 885 372 927 me
396 882 540 925 munere
564 869 653 921 aaa.
700 858 793 938 Quae
813 881 880 921 non
902 860 986 924 bene
1004 863 1172 949 explicue-

118 959 192 1013 runt
211 945 425 1036 interpretes,
450 956 482 1008 et
498 967 539 1008 ne
553 946 743 1028 Wagnerus
766 944 899 1029 quidem
923 967 1040 1032 nuper,
1085 949 1172 1022 Nam

119 1035 146 1097 si
174 1033 360 1098 Menalcam
385 1033 493 1097 dicere
524 1041 696 1130 pptemus:
733 1051 802 1112 noa
831 1029 896 1094 titi
925 1033 992 1095 soli
1018 1033 1172 1098 Phoebus

111 1117 229 1208 fauet,
257 1119 450 1183 sedetiam
468 1116 572 1191 milia,
602 1113 821 1203 impediemus
846 1138 978 1181 cursum
1003 1121 1172 1201 orationis,

72 1203 75 1210 ’
121 1208 156 1270 in
187 1226 251 1290 qua
275 1205 448 1282 Phoebum
481 1202 551 1266 Iovi
575 1223 644 1264 non
667 1203 814 1287 opponi,
848 1204 1062 1289 nullopacto
1089 1229 1173 1269 con-

123 1290 297 1369 cesserim,
326 1297 357 1352 et
380 1291 452 1376 ipsa
471 1288 632 1354 sententia
649 1287 709 1350 erit
729 1287 852 1374 inepta.
895 1290 956 1353 Sed
975 1313 1088 1355 sensus
1104 1315 1175 1356 non

121 1377 203 1442 elius
223 1384 271 1438 est
286 1383 383 1460 atque
400 1375 486 1461 apud
506 1373 662 1459 Calpurn.
672 1379 703 1452 2,
714 1377 773 1439 28.
786 1397 840 1439 me
849 1374 1008 1440 Silvanus
1025 1389 1175 1442 aurat·—

122 1463 172 1527 Et
188 1461 274 1524 milti
289 1459 400 1531 Rara
421 1483 537 1527 comas
554 1459 704 1544 spargit.
733 1470 763 1525 et
782 1461 870 1549 apud
885 1461 1056 1527 Theocrit.
1072 1465 1103 1548 5,
1121 1467 1174 1528 82.

122 1550 173 1614 nai
189 1545 245 1632 peip
261 1541 303 1630 ἔμ’
316 1543 474 1625 Ὡπόλλων
490 1547 593 1624 φιλέει.

206 1685 238 1760 4.
268 1681 429 1746 Eamdem
451 1679 671 1746 voculatiouis
685 1669 870 1760 vcaussam,
892 1705 962 1746 non
981 1683 1077 1754 aliam
1092 1696 1175 1769 puto

124 1790 195 1834 esse
218 1791 310 1849 eam,
352 1790 416 1855 qua
441 1779 474 1832 et
497 1766 728 1854 ‘praemittitur
753 1766 920 1834 vocabulis
947 1767 1176 1837 affirmationis

123 1867 232 1937 certe,
245 1850 375 1938 hercle,
395 1850 564 1941 profecta.

228 1976 342 2030 Terent.
360 1975 429 2027 Eun.
445 1973 471 2039 5,
482 1973 513 2058 Ι6,
524 1972 554 2053 γ4.
575 1974 621 2025 sed
637 1978 708 2025 estne
722 1973 869 2028 ille'ncster
887 1948 1037 2030 Parmeno?
1057 1979 1095 2029 Et
1109 1985 1177 2031 certe

192 2063 265 2132 ipsus
281 2067 329 2128 est,
355 2057 527 2124 aa.1,1‚53.
554 2059 611 2112 cto.
620 2078 646 2128 p.
657 2060 744 2122 Marc.
758 2059 783 2126 2,
797 2059 823 2112 6.
845 2067 870 2112 et
888 2067 955 2112 certe
969 2061 997 2112 in
1012 2064 1095 2116 armis
1107 2064 1179 2116 miii-

193 2154 250 2201 tcm
265 2146 367 2209 uirtus,
385 2145 500 2196 locorum
515 2145 699 2213 opportunitas
712 2173 747 2182 -
764 2147 875 2196 multum
889 2145 992 2206 iuuant,

231 2248 290 2303 cte.
310 2247 346 2300 ad
365 2247 444 2300 Fam.
461 2246 487 2325 β,
501 2245 546 2314 118,
560 2245 587 2312 2,
611 2228 642 2300 'et
664 2248 750 2299 hercle
770 2249 827 2300 sine
847 2248 925 2300 datto
948 2251 998 2301 erit
1020 2210 1178 2319 ignominia.

194 2335 274 2388 Brut.
288 2331 332 2399 tr,
347 2330 408 2386 251.
427 2319 452 2385 ei
469 2334 587 2399 hercule,
605 2334 628 2385 ai
643 2334 680 2386 eia
698 2325 792 2402 ageres
810 2338 862 2385 etc.
881 2331 914 2384 de
928 2329 989 2386 Fin.
1001 2329 1033 2399 ’2,
1047 2335 1073 2400 8,
1091 2328 1134 2389 23.

135 2539 138 2549 ,
212 2470 243 2538 6.
265 2469 304 2534 In
319 2468 508 2534 narratione
525 2468 633 2555 pergit
650 2470 757 2532 oratio
779 2468 948 2556 perhanc
974 2471 1180 2557 particulam,

129 2557 264 2710 ἓυαηάς)
280 2554 442 2654 ἰά,,,(ιυοά
457 2566 535 2661 ante
558 2553 683 2617 dictum
706 2565 772 2635 est,
796 2555 847 2618 vel
869 2557 1031 2653 exemplis
1048 2557 1099 2623 vel
1120 2560 1181 2623 alia
1269 2565 1271 2572 ‘

154 2652 417 2710 emonstrauone
434 2663 507 2706 uere
522 2639 647 2704 facturn
665 2661 733 2706 esse
749 2641 943 2732 ostenditur.
961 2699 963 2703 .

235 2763 311 2816 Cart.
322 2762 348 2827 9,
363 2761 389 2827 7,
403 2761 446 2818 lt.
464 2764 595 2832 coepit-
610 2764 762 2831 postulare,
777 2771 823 2830 ut,
839 2765 863 2816 si
875 2765 919 2816 cir
931 2769 1012 2828 esset,
1026 2771 1130 2832 postero
1141 2765 1183 2817 die

101 2843 105 2850 ’
197 2867 282 2906 seeum
291 2852 370 2914 serra
384 2849 549 2901 decerneret:
580 2866 670 2919 regem
688 2850 796 2902 tandem
815 2851 857 2902 vel
872 2851 967 2903 desua
981 2850 1128 2902 temeritate
1143 2853 1184 2901 acl

200 2936 233 2992 de
248 2936 318 2986 iilius
332 2934 446 3003 ignavia
462 2934 651 2986 iudicaturum.
686 2934 724 2986 Ea
747 2951 765 2986 u
783 2935 971 3004 Dioxippo,-
993 2943 1105 3004 accepta·
1122 2953 1184 2987 con-

200 3020 268 3073 ditio
284 3027 329 3071 est.
365 3016 953 3088 Quincttt.11‚2‚11.quaproptarpartem
978 3023 1011 3072 ab
1034 3021 1067 3071 iis
1086 3027 1184 3090 petere,
1261 3017 1265 3032 ¹

96 3153 100 3160 .
199 3121 312 3176 quornm
321 3105 402 3168 sactu
417 3104 570 3156 celebrasset
580 3104 729 3155 iubebatur.
755 3104 792 3154 lu
799 3105 997 3172 persolverunt,
1014 3111 1043 3156 nt
1054 3107 1184 3158 traditum

201 3199 247 3245 eet.
283 3185 375 3240 Tacit.
383 3187 508 3256 Agnae.
529 3189 574 3240 aed
582 3189 628 3239 aii
643 3205 699 3238 cnm
714 3195 796 3240 cetero
812 3187 873 3239 orbe
893 3181 1068 3257 Vespasianus
1083 3196 1109 3241 ct
1122 3191 1186 3240 Bri·
1248 3184 1252 3202 '

200 3273 325 3344 taeniam
347 3273 519 3341 reciperavit,
549 3273 644 3340 magni
666 3273 757 3337 duces,
784 3272 889 3341 egregii
910 3275 1052 3337 exercitas,
1081 3275 1185 3326 minute

203 3359 317 3414 hostium
332 3374 399 3426 spes.
433 3357 471 3410 Et
492 3352 619 3410 terrorem
641 3358 733 3409 statim
755 3357 848 3410 intulit
867 3357 976 3412 Petilius
994 3360 1110 3411 Cerealis
1123 3360 1187 3411 Bri-

202 3453 317 3518 gantunt
334 3442 466 3496 civitatem
481 3469 516 3479 —
533 3456 688 3511 aggressae.
755 3470 758 3480 =

223 3567 254 3628 6.
275 3561 313 3626 In
334 3559 624 3646 argumentatione
644 3558 870 3624 adscendimus
895 3583 956 3648 per
976 3572 1008 3626 et
1031 3561 1070 3624 aa]
1091 3561 1186 3625 aliam

134 3667 227 3729 rem,
251 3658 348 3734 atque
366 3646 527 3734 perhanc
546 3646 699 3732 copulam
718 3648 835 3713 arctius
852 3649 1064 3712 continentur
1079 3659 1188 3738 partes
1284 3666 1287 3684 ³

134 3730 171 3800 iri
199 3735 357 3799 orationis
380 3733 624 3820 progressione.
677 3731 792 3817 ltaque
817 3731 851 3795 in
874 3733 1087 3796 conclusione
1112 3755 1190 3796 con·
1252 3797 1257 3804 ,

109 3891 114 3904 ,
134 3819 276 3886 ficienda
293 3821 445 3884 membra
457 3828 724 3906 componuntur,
739 3827 777 3880 ut
796 3829 829 3882 et
845 3817 1061 3904 assumptioni
1083 3819 1191 3882 inser—

136 3908 221 3987 viat,
254 3915 287 3971 et
309 3927 373 4003 pro
399 3905 495 3992 atqui
518 3913 674 3993 ponatur.
719 3903 772 3967 Sic
795 3925 891 3990 saepe
915 3904 1139 3989 praemittitur
1159 3917 1191 3969 et

139 3993 323 4057 conditioni
351 3990 402 4054 vel
425 3992 684 4078 comparationi,
722 4013 784 4076 qua
809 4009 936 4052 novum
962 3994 1193 4075 argumentum

138 4078 328 4159 adducitur,
350 4075 493 4164 ideoque
507 4075 627 4142 dicitur
641 4089 674 4142 et
690 4075 740 4155 si,
762 4086 794 4141 et
810 4073 1107 4163 quentadmodum.

245 4197 305 4253 Cic.
329 4198 413 4253 Aced.
434 4197 461 4264 2,
474 4196 518 4263 le,
537 4197 581 4254 tu.
602 4197 746 4268 comperite
766 4215 799 4254 ea
820 4197 953 4252 canalaeic
969 4197 1075 4252 sia-cst:
1095 4213 1193 4262 aaran,
