2782 4730
417 417 547 486 EVGE.
592 419 801 488 EVGEPAE.
1076 437 1137 498 611
1159 447 1161 454 ’

155 571 217 626 cillo
234 571 352 624 invento.
379 571 741 636 Plane.‹1²aeuu.uo,²o.
770 590 838 644 euge
851 593 905 645 par
921 581 991 650 pori.
1026 581 1138 642 Terent.

154 659 255 710 fleant.
270 656 294 720 4,
309 656 334 720 2,
343 655 385 708 10.
403 674 469 725 cuge
486 657 568 710 babeo
585 657 718 724 optimam.
754 657 786 710 Ia
798 658 872 710 Asin.
888 660 913 726 3,
924 664 949 728 2,
960 664 986 717 8.
1004 667 1136 726 Beroaldi

154 741 225 792 liber
249 739 359 792 exhibet
378 741 464 792 haec:
501 757 547 791 eae
570 741 789 809 annologiam,
822 746 926 812 copiae,
962 753 1138 824 exercitusque

159 827 282 890 sumunt,
301 824 329 876 oi
342 821 490 894 pugnando
506 839 610 888 eumue,
626 826 879 893 peniculamenta,
898 847 981 899 cuge,
997 837 1085 902 plici,

64 976 65 981 ,
190 927 231 976 De
251 941 282 976 re
299 923 448 990 improvisu
463 923 545 976 Tunc.
562 925 587 988 2,
604 923 629 990 6,
644 926 688 980 23.
721 929 766 981 Pa.
775 927 801 993 2,
811 927 837 994 4,
846 924 888 994 22.
924 931 955 984 ln
972 934 1136 994 salutatione

154 1009 240 1062 More.
257 1009 283 1072 2,
298 1007 323 1072 2,
340 1007 382 1060 12.
418 1005 611 1061 Tarouanna.
627 1010 654 1074 2,
671 1009 696 1075 2,
715 1009 741 1065 8.

189 1113 239 1162 Est
252 1127 306 1160 vox
324 1109 398 1174 eina,
424 1109 472 1177 qul
487 1126 549 1162 cum
562 1110 671 1164 laetitia
687 1129 747 1164 rem
760 1111 883 1168 miratur.
924 1118 1014 1172 Plant.
1032 1121 1134 1192 111114,

153 1193 227 1259 nno.
257 1193 283 1255 2,
297 1191 322 1258 2,
332 1191 375 1246 58.
398 1211 477 1264 eagc,
496 1195 642 1260 euscheme,
662 1197 762 1262 barole,
781 1199 894 1253 adstitit.
920 1202 996 1255 Pecs.
1012 1203 1038 1270 4,
1047 1207 1073 1272 2,
1083 1209 1110 1262 1.

187 1294 370 1360 approbatas
391 1301 432 1346 aa
454 1293 534 1347 nost.
550 1295 575 1358 a,
593 1295 617 1360 1,
633 1293 675 1349 ou.
717 1299 815 1350 asena.
827 1301 853 1365 1,
864 1300 889 1367 c,
905 1300 948 1355 aa
990 1305 1049 1359 nii.
1066 1291 1133 1378 aa,

154 1375 189 1428 86
202 1376 279 1443 (88)ε
305 1385 333 1430 et
350 1377 539 1446 applaudentis
555 1379 633 1431 Tnln.
649 1379 676 1445 δ’,
692 1381 717 1444 2,
733 1381 776 1434 79.
793 1385 872 1438 Most.
889 1385 913 1451 1,
928 1387 953 1452 8,
969 1388 1028 1443 103.
1049 1394 1135 1462 lepida

153 1461 252 1514 dictam
267 1463 299 1514 dc
314 1469 463 1515 atramento
478 1469 556 1532 atque
571 1465 653 1516 ebore.
689 1467 769 1536 Euge
780 1469 882 1536 plaudo
901 1473 1030 1540 Scaphae.

168 1581 232 1645 Sed
250 1583 345 1646 etiam
365 1583 398 1645 ia
418 1583 522 1646 ironia
542 1583 570 1647 ei
588 1584 680 1650 locus
699 1598 763 1667 est,
787 1589 853 1654 sive
878 1593 949 1676 quis
976 1617 1047 1660 rem
1070 1599 1132 1666 ali-

88 1685 187 1751 quam
207 1667 327 1731 miram
344 1669 595 1745 animadvertat,
617 1671 683 1735 aive
700 1671 842 1758 aliquem
859 1676 974 1742 leniter
986 1681 1101 1748 rideat.

187 1787 277 1840 Plaut.
293 1785 391 1854 Amph.
407 1787 433 1851 2,
449 1787 551 1853 2,'170.
587 1781 668 1860 euge,
697 1793 801 1862 optimc.
843 1791 920 1857 Pete.
935 1796 961 1863 l,
978 1796 1006 1865 3,
1022 1801 1064 1856 lo.
1092 1822 1135 1861 ma

153 1870 236 1934 dicit,
255 1888 330 1939 euge.
366 1871 409 1923 cf.
424 1873 584 1940 Hoogevcu.
599 1894 624 1943 p.
641 1876 701 1928 232.

125 1961 127 1984 ³
191 1968 303 2024 Terent.
313 1971 363 2023 Aa.
379 1953 404 2035 5,
412 1970 438 2037 7,
454 1973 497 2024 13.
521 1991 565 2027 nn.
594 1977 691 2042 Placet,
706 1985 783 2048 pater
798 1973 963 2050 tepidissime.
990 2001 1017 2041 n.
1044 1991 1133 2064 Euge,

128 2107 132 2112 ,
155 2054 211 2106 ium
228 2057 330 2122 tepidae
347 2072 432 2107 oocor.
459 2057 562 2126 Vulgus
580 2057 780 2116 Germanorum
796 2065 821 2117 ci
840 2054 961 2123 tiiascad.

188 2155 278 2206 Plaut.
295 2155 356 2206 Cas.
371 2155 397 2220 2,
416 2155 441 2222 6,
456 2156 499 2210 33.
525 2175 570 2211 cn.
598 2159 667 2225 Quid
682 2171 712 2232 ta
727 2164 756 2217 id
772 2169 873 2220 aaran?
900 2177 944 2224 ou.
975 2171 1045 2238 Quia
1062 2179 1133 2232 eatan

152 2245 253 2301 mano,
270 2253 304 2289 ne
319 2240 348 2290 iu
363 2256 433 2306 aqua
448 2259 550 2294 camma
567 2251 647 2297 natet.
674 2263 718 2300 cn.
742 2247 830 2318 Euge.
861 2253 938 2306 Caua.
974 2257 1133 2316 Restitueu·
1177 2269 1180 2292 ¹

155 2322 219 2374 dum
237 2327 278 2376 est
294 2339 328 2374 ex
344 2321 426 2390 antiq.
443 2325 523 2378 libain
542 2343 594 2396 age
611 2347 680 2382 cuae.

169 2441 462 2509 Vehementiorem
479 2447 706 2518 admirationis
722 2457 789 2522 vim
807 2457 930 2523 babent
948 2464 1133 2550 composita

85 2527 184 2594 verba
202 2552 286 2616 euge
300 2552 432 2616 papae.

160 2683 162 2690 ·
187 2648 277 2702 Pluut
292 2648 378 2702 Marc.
393 2649 419 2716 3,
437 2650 463 2716 4,
478 2651 521 2707 41.
554 2667 598 2708 av.
629 2658 676 2712 ua·
689 2660 802 2726 cainan.
826 2663 930 2732 culpam
946 2667 1133 2724 necatam

152 2751 205 2784 aaa
219 2749 271 2786 esce
286 2735 377 2800 attam.
399 2753 444 2788 aa.
471 2739 550 2808 Euge
563 2759 660 2811 papae.
685 2745 754 2800 Deae
768 2749 886 2802 absentee
903 2757 979 2804 tectos
994 2767 1132 2808 aemonae.

154 2817 206 2882 Qui
220 2835 269 2886 ego
288 2819 354 2873 istac
370 2821 475 2874 credam
490 2824 561 2876 tibi?

89 2937 93 2944 '
169 2935 208 3000 In
233 2939 375 3004 Martial.
400 2939 631 3028 Epigaam.
663 2949 851 3017 adverbium
878 2963 927 3019 est
951 2954 991 3020 d'e
1056 2975 1135 3022 acco

84 3044 180 3087 more
197 3025 364 3110 positum:
400 3029 575 3112 grauiter,
598 3033 684 3114 cito,
705 3039 875 3124 nequiter,
899 3059 999 3126 euge,
1045 3054 1141 3108 ecte..

85 3107 170 3171 Sunt
192 3107 290 3174 verba
315 3107 531 3176 collaudantis
560 3136 704 3183 scurrae.
755 3121 808 3186 Sic
831 3125 965 3188 Luciau.
993 3125 1132 3195 Conviv.

83 3197 138 3259 37.
165 3185 248 3280 εὖγε,
273 3195 348 3275 ἔφη,
376 3187 402 3258 ol
424 3195 589 3280 Κλεόδημε.

356 3463 360 3474 ,
452 3363 767 3493 EVGEPAE.
867 3315 876 3332 ’

167 3527 402 3622 'Compositum
429 3544 478 3600 est
500 3550 661 3603 EVGEPAE
689 3559 730 3605 ex
754 3561 839 3630 enge
866 3554 897 3608 et
924 3561 1011 3630 pac,
1043 3545 1134 3634 quod

85 3622 135 3677 est
152 3615 183 3677 ia
193 3641 331 3704 papae,
362 3621 402 3685 de
419 3643 484 3708 quo
501 3621 566 3685 vid.
593 3645 626 3706 p.
649 3631 677 3688 1.
721 3630 762 3692 At
785 3629 878 3694 nullo
902 3626 935 3692 in
957 3633 1031 3712 loco
1048 3655 1133 3696 con-2

84 3708 176 3761 stant
194 3703 418 3794 libriscriptl‚
443 3704 571 3793 quiaut
595 3727 679 3796 euge
704 3723 759 3774 aut
782 3735 866 3800 euge
881 3716 945 3800 pol
961 3717 1133 3803 praebent.

88 3785 171 3844 bute
197 3791 306 3852 omnia
330 3791 430 3877 igitur
456 3791 496 3856 de
525 3794 710 3880 integritate
736 3799 886 3862 vocabuli
911 3802 1136 3888 quaerendum

85 3867 168 3945 erit3
192 3871 281 3954 quod
298 3873 370 3938 fieri
389 3877 516 3963 poterit
537 3881 676 3964 antiquis
703 3880 866 3947 codicibus
886 3888 1063 3950 accuratius
1083 3888 1136 3952 in·

84 3952 218 4038 speotis.
272 3957 392 4024 Sensus
427 3962 517 4026 verbi
547 3985 616 4027 non
649 3965 711 4030 nisi
743 3970 897 4054 gravitate
926 3970 1072 4034 differret
1095 3973 1136 4036 ab

85 4059 185 4123 enge.
227 4037 374 4107 Etenim
393 4047 586 4112 exclamatio
610 4049 801 4116 laetantium
818 4063 850 4117 ct
865 4055 1136 4139 collaudantium,

86 4125 267 4187 contractis
302 4129 470 4202 vocabulis
505 4155 590 4218 euge
616 4157 754 4220 pupae,
803 4159 885 4223 quae
915 4141 1002 4228 apud
1031 4141 1137 4206 Plaut.

85 4207 191 4273 Mero.
209 4213 240 4293 3,
258 4209 289 4292 4,
308 4213 362 4278 41.
406 4215 473 4298 Qui
490 4219 694 4306 seripserunt
710 4245 877 4310 augeam,
905 4241 942 4290 ut
967 4236 1050 4292 esset
1071 4219 1137 4310 coyt

429 4311 430 4316 ,
792 4312 833 4379 39
850 4315 867 4354 ‚K
