2802 4732
621 383 682 452 ΕΤ
683 431 694 453 ·
1123 392 1188 459 477

134 583 137 592 -
237 550 327 606 utcu
341 549 410 618 sgr.
426 542 469 600 lo.
484 519 534 598 ’.ιω
554 543 639 599 uuum
659 544 690 598 u
706 540 831 598 strumo
844 542 973 600 emersu
991 561 1078 618 μ...
1098 527 1188 604 metu
1213 600 1215 604 .

200 637 244 692 ἕνα
260 646 285 691 et
297 636 417 690 uictoria.
439 631 458 684 i.
474 647 498 684 e.
519 629 653 692 iracunde
669 628 796 682 victos-lo.
816 628 865 680 sed
880 647 904 682 e.
918 627 945 681 4.
961 632 1060 687 seilicet
1075 637 1187 690 sublime

199 731 226 778 et
238 730 349 776 ereetum
363 716 502 788 ingenium
516 715 742 782 pulchritudinem
756 733 788 767 uu
801 715 914 784 speeiem
928 718 1043 769 eucelsue
1056 710 1188 788 uruguue-

200 825 249 878 pue
262 807 368 877 gloriae
381 800 557 855 uehementius
571 818 651 868 puum
666 808 730 854 oute
748 801 898 869 oppetebat.
932 801 990 853 Est·
1000 803 1186 869 pulchritudo,

200 909 271 962 quae
288 895 329 943 est
345 888 374 941 iu
388 883 488 953 speeie.
506 889 534 936 ut
548 883 591 938 43.
616 886 726 954 speeiem
739 893 830 938 tumeo
846 885 1051 939 dolorisnuiruo
1064 889 1189 956 uultuque

195 975 385 1046 praesetuh't.
398 971 416 1024 i.
427 987 451 1022 e.
470 967 577 1032 animo,
592 968 640 1036 qui
656 968 910 1038 invultuappuret.
927 969 1018 1028 Tacit.
1028 972 1101 1026 llist.
1110 973 1135 1038 2,
1144 969 1187 1027 46.

193 1063 291 1128 surore
307 1057 421 1126 quodum
446 1062 472 1107 et
492 1053 621 1108 iustiuutu
637 1055 811 1126 flagrabunt.
834 1053 921 1120 Mi.
941 1051 1061 1126 'spoliare
1082 1075 1187 1128 rupere,

199 1145 228 1197 ui
242 1151 269 1196 et
284 1143 382 1210 stupris
397 1141 522 1218 pollueret
601 1177 605 1186 .
1047 1131 1048 1138 ’

226 1243 368 1312 ‘Quinctil
385 1242 468 1308 lul,
486 1240 529 1296 19.
558 1247 707 1311 repetamus
730 1249 817 1296 eutem
837 1249 863 1296 et
883 1247 1033 1296 tractemus.
1062 1242 1134 1310 quod
1152 1244 1188 1296 au
1281 1271 1283 1277 ·

199 1345 310 1384 sensum
323 1328 396 1380 idem
414 1331 475 1380 esse
492 1343 525 1380 no
541 1329 682 1396 repetendo
697 1327 855 1394 tractemus,
874 1328 923 1383 sed
939 1328 1053 1381 differre
1069 1329 1140 1382 haee
1156 1329 1187 1382 ui

200 1419 230 1467 et
243 1412 396 1482 gravitate,
415 1412 486 1465 hene
500 1411 639 1465 intellexit
652 1413 811 1465 Frotsoher.

164 1559 166 1564 .
237 1515 293 1569 Sed
307 1493 389 1569 huius
406 1515 516 1586 generis
530 1533 584 1568 non
599 1520 662 1568 sunt
674 1516 761 1568 haeo':
781 1515 871 1568 Tacit.
887 1512 961 1596 nisu
975 1510 1001 1580 5,
1017 1516 1043 1569 1.
1064 1518 1189 1572 comitate

199 1607 226 1653 et
240 1603 362 1670 alloquiis
377 1604 468 1670 officio
483 1618 638 1672 provocans.
674 1599 732 1652 cte.
750 1619 777 1670 p.
791 1602 874 1653 Ruso.
887 1600 949 1654 Am.
962 1597 1007 1665 47,
1023 1598 1084 1654 136.
1111 1619 1189 1654 suum

200 1685 292 1754 suique
305 1687 430 1739 honorem
446 1693 471 1739 et
486 1687 605 1756 gradum
623 1687 757 1740 redditum
772 1686 888 1755 gaudeo.

216 1811 247 1871 6.
268 1808 378 1872 Latini
394 1830 491 1898 saepe
514 1805 720 1896 coniungunt
744 1807 823 1873 duas
851 1805 1027 1874 sententias
1053 1803 1189 1897 duoque
1228 1857 1229 1862 η

130 1892 271 1960 nomina
290 1915 350 1979 per
367 1907 417 1971 et,
449 1917 591 1984 quorum
609 1896 747 1960 alterum
765 1895 871 1983 priori
892 1893 984 1959 addit
999 1895 1189 1961 distinetio-

127 2003 204 2047 rem
222 1977 465 2063 definitionem,
491 1981 591 2066 idque
609 1981 750 2044 illustrat
774 1991 806 2044 et
828 1981 1051 2066 explicatione
1065 1983 1189 2071 ampli-

129 2066 217 2132 ficat.
280 2064 318 2129 ld
344 2067 448 2131 critici
470 2067 577 2150 verbis
601 2065 809 2153 etquidem,
849 2066 943 2154 isque
965 2073 1100 2149 notant,
1131 2068 1191 2133 sed

74 2155 77 2162 ’
128 2154 274 2218 nimium
291 2149 466 2235 ingerunt,
495 2172 606 2238 quum.
624 2149 744 2216 dicunt*
759 2152 869 2299 ipsum
893 2164 926 2218 et
947 2151 1132 2237 signific'are
1154 2163 1190 2219 et

130 2239 279 2328 quidem.
308 2219 526 2302 Vid.Mauut.
546 2236 883 2310 adcie.Mani.3‚7.
909 2237 1003 2302 Cort.
1022 2239 1107 2303 udE
1135 2239 1189 2303 ist.
1224 2274 1227 2280 ·

132 2330 247 2405 11‚29,
258 2329 288 2388 6.
319 2323 470 2388 Oudend.
490 2322 529 2386 ad
545 2323 675 2408 Apulei.
692 2322 772 2386 Met.
792 2327 888 2410 p.71.
905 2333 936 2386 et
951 2345 985 2408 p.
996 2323 1071 2388 450.
1094 2262 1189 2399 lieu·
1217 2344 1219 2350 ‘

130 2401 216 2498 sing.
233 2409 273 2474 ad
291 2409 357 2476 Cio.
374 2410 415 2474 de
436 2407 502 2472 Off.
519 2415 551 2487 3,
563 2411 656 2488 33,7.
678 2407 860 2472 Ruhnken.
875 2408 916 2470 ud
926 2408 1040 2472 Vellei.
1050 2415 1082 2490 2,
1091 2413 1144 2474 60.
1153 2417 1187 2476 2.
1263 2415 1266 2422 '

131 2500 296 2563 Goereuu.
314 2494 354 2560 ad
371 2496 440 2559 Cio.
457 2493 497 2559 de
514 2493 585 2558 Fin.
604 2498 757 2573 1.10,33.
788 2492 947 2565 Matthiae
962 2493 1003 2557 ad
1020 2495 1087 2559 Cin.
1098 2497 1187 2584 ·p.L.

129 2583 247 2652 Munil.
271 2587 302 2662 3,
327 2586 357 2644 7.
389 2593 423 2646 et
450 2603 481 2667 p.
504 2580 648 2666 Miluo,
672 2585 724 2644 67.
771 2579 858 2643 Nam
880 2579 960 2642 haee
983 2580 1051 2663 vis,
1085 2601 1187 2667 quam
1258 2649 1261 2656 ⁴

116 2663 309 2759 'particulae
326 2667 526 2748 attribuunt,
548 2667 632 2730 inest
655 2667 690 2730 in
712 2665 884 2730 collocatis
907 2665 1042 2751 reliquis
1065 2667 1190 2748 verbis.

131 2777 216 2844 quae
231 2777 302 2818 rem
323 2753 500 2840 explicant.
539 2752 670 2834 Quare,
690 2751 747 2816 ubi
765 2752 871 2815 oratio
889 2753 1020 2838 gravior
1036 2754 1187 2852 assurgit,

128 2844 253 2910 iterum
271 2839 408 2928 ponitur
419 2839 509 2903 idem
523 2861 659 2902 nomen.
703 2837 899 2922 ChManuh
926 2838 965 2901 ad
989 2837 1057 2903 Cio.
1077 2839 1187 2927 Epist.
1251 2886 1266 2916 ,.

129 2935 165 3014 2,
181 2932 213 2990 7.
244 2925 349 2990 Beier.
375 2925 413 2989 ad
441 2925 509 2989 cio.
532 2925 572 2989 de
589 2924 656 2988 Off.
676 2923 720 2988 T.
734 2923 775 2987 fl.
799 2947 835 3071 ps
854 2929 927 2987 111.
955 2923 1127 2989 Drakenb.
1145 2925 1188 2989 ad
1256 2911 1265 2926 ⁴

129 3015 204 3081 Liv.
224 3015 277 3089 39,
290 3012 332 3091 5.
343 3013 375 3073 4.
409 3011 574 3074 Graecum
596 3031 694 3074 usum
718 3031 798 3078 voca
824 3009 869 3072 uli
894 3009 946 3072 eut
969 3009 1188 3075 observarunt
1236 3029 1238 3034 ’

129 3091 296 3164 lacobsius
315 3095 351 3158 in
371 3095 537 3180 Additum.
555 3096 656 3159 anim.
674 3095 709 3158 in
724 3093 845 3158 Athen.
863 3111 895 3180 p.
914 3095 987 3158 157.
1018 3095 1187 3161 Sohaefer.
1225 3090 1232 3099 ’

131 3185 174 3250 ad
191 3186 298 3266 Long.
315 3201 350 3264 p.
368 3183 442 3244 351.
475 3181 531 3266 qui
547 3199 649 3266 quum
665 3181 884 3266 graecismum
902 3179 1065 3266 appellat,
1087 3179 1188 3247 intel-

129 3270 253 3336 lexisse
268 3265 399 3332 videtur
417 3267 584 3349 utriusque
596 3266 727 3350 linguae
741 3263 1001 3332 similitudinem.
1025 3260 1078 3332 Cf.
1089 3267 1187 3338 Wnl-

131 3350 389 3422 chii-Emendat.
413 3351 482 3417 Liv.
498 3370 531 3438 p.
547 3354 599 3415 68.
624 3351 681 3438 qui
697 3353 784 3442 varia
799 3350 925 3414 miscet·
979 3403 982 3412 .

236 3467 337 3541 εἰη.
355 3459 529 3536 11712667.
556 3475 582 3524 te
601 3471 671 3522 euim
693 3462 750 3524 iarn
763 3473 886 3542 appello,
910 3473 1188 3536 reuertuntur

198 3551 325 3614 ernudire
343 3559 436 3627 possis.
455 3557 489 3609 de
509 3547 776 3621 Nst.t.1‚15‚tu.
800 3549 891 3627 iguem
909 3563 1051 3628 praetereo
1070 3557 1096 3609 et
1115 3575 1185 3624 eum,

182 3662 276 3714 ,quem
291 3649 353 3696 oute
370 3633 441 3707 dist,
464 3631 583 3695 aethera.
611 3651 638 3710 p¹
659 3642 737 3711 hege
758 3633 853 3696 Msuil.
869 3635 913 3706 22,
933 3639 977 3693 64·
997 3646 1074 3709 utpue
1093 3631 1123 3692 iu
1138 3642 1187 3694 hoe

200 3719 268 3780 hello
284 3719 395 3780 asiatico
411 3734 436 3779 et
451 3717 527 3798 regio
539 3743 593 3778 nou
607 3716 691 3776 solum
706 3717 833 3778 militaris
845 3717 896 3778 illu
909 3717 993 3779 uirtus
1008 3753 1044 3764 —
1056 3719 1102 3778 sed
1115 3727 1187 3778 uliae

198 3821 299 3880 quoque
313 3803 424 3864 uirtutes
446 3803 530 3864 animi
547 3811 646 3862 multae
661 3816 686 3862 et
701 3801 819 3879 maguus
834 3802 1013 3878 requiruntur.
1048 3807 1113 3862 Alia
1128 3807 1186 3864 vil.

201 3889 274 3964 opud
288 3889 381 3948 Beier.
399 3885 434 3950 ael
450 3887 505 3950 Off.
522 3894 548 3960 2,
564 3890 607 3959 16,
621 3885 665 3946 51.
694 3883 794 3946 Horat.
813 3887 899 3961 Epist.
915 3889 1000 3959 1,18‚
1016 3883 1059 3947 54.
1078 3905 1187 3946 rueram

201 3980 340 4043 militium,
355 3997 437 4048 puer,
454 3971 644 4034 eteuuluhricu
658 3973 727 4032 tetta
737 3975 829 4030 tulisti.
848 3975 957 4044 1‚12‚t.
977 3974 1066 4029 herbis
1079 3973 1146 4030 uiuis
1159 3980 1186 4031 et

198 4065 295 4118 tertium
339 4059 619 4128 Tacit.unu.1.5o.
650 4063 727 4117 initio
746 4064 821 4116 ueris·
836 4071 862 4116 et
883 4061 1021 4131 repentino
1042 4058 1071 4114 iu
1094 4063 1186 4115 Cattos
1250 4056 1254 4068 '

201 4166 310 4202 esrursu
319 4149 464 4217 proecepit.
498 4146 640 4201 Acidaliae
656 4163 718 4200 oum
728 4149 837 4201 Murato
853 4147 920 4200 eiioi
934 4141 1030 4200 iubent
1043 4152 1084 4211 et,
1102 4145 1185 4215 idque

197 4233 314 4292 uultus
328 4233 451 4303 appellnt
467 4230 688 4298 ciceronianum:
707 4239 737 4288 ut
750 4233 810 4304 ipse
825 4233 923 4288 Cicero
940 4232 974 4287 ele
984 4231 1046 4290 Fiu
1054 4231 1081 4300 1,
1090 4229 1184 4299 1663.
