2782 4730
575 487 578 496 ¹
604 406 676 476 ex.

181 567 314 640 66666111
322 571 347 627 et
356 563 520 628 6661661166
536 577 567 616 aa
580 561 673 631 quitus
686 558 724 618 61
736 558 817 616 etita
825 562 991 618 ussettnun
999 565 1156 631 16666166
1185 628 1188 641 ¹

180 663 253 726 puta.
734 694 737 700 .
1041 699 1043 703 .

214 755 271 810 (lic.
287 755 322 808 ad
336 751 429 822 Quint.
441 750 468 815 2,
487 749 530 803 16.
553 748 709 819 praeteriise
729 762 822 818 66661,
845 749 952 802 tamari
971 750 1000 804 id
1018 752 1157 820 difficilius

109 865 111 888 t
175 843 277 909 suerit,
294 849 382 894 tamen
396 854 427 889 ea
442 839 490 888 irae
507 835 597 886 latare
611 849 738 902 magnam
747 834 868 904 gratiam
879 851 1056 905 magnamque
1064 839 1156 908 digni·

181 933 262 978 tatem
285 926 334 977 sim
352 923 511 974 collecturus.
548 917 581 970 du
603 917 752 986 Lege-agr.
766 916 792 980 2,
807 915 834 981 9,
847 917 889 970 26.
915 921 1026 972 siurbis
1040 925 1157 977 er'emui

149 1033 152 1038 ·
177 1011 275 1080 pupula
295 1006 430 1078 deligendi
447 1010 564 1074 potestas
579 1008 643 1054 esset
664 1001 740 1054 data.
774 1000 803 1054 iu
819 1002 895 1057 Verr.
909 1004 934 1068 2,
949 1003 990 1068 tu,
1005 1003 1047 1062 69.
1071 1025 1104 1059 66
1125 1017 1156 1060 tu

181 1112 212 1147 66
226 1095 277 1146 reis
290 1093 443 1154 eximerere,
461 1090 548 1158 siege
564 1104 617 1138 nan
634 1086 779 1152 adfuissem
793 1087 829 1138 ad
844 1087 919 1139 diens.
956 1089 1046 1156 Quum
1063 1091 1156 1156 dieunt

178 1178 292 1244 recipere
308 1175 423 1226 animum
445 1189 475 1226 er
495 1187 610 1243 pauore,
637 1169 708 1237 quod
724 1167 792 1222 alias
808 1188 825 1222 6
843 1187 957 1238 pavere,
981 1173 1052 1228 ratio
1068 1178 1156 1244 posita

180 1267 221 1312 est
235 1260 263 1311 in
277 1259 363 1311 verba
378 1259 499 1325 recipere.
529 1255 592 1308 vide
609 1253 735 1322 exempla
749 1253 820 1322 apud
833 1255 970 1308 Drakeub.
989 1258 1023 1310 ad
1038 1259 1097 1314 Lir.
1113 1263 1155 1333 44,

179 1343 264 1408 16,1.
298 1344 340 1395 Da
365 1339 457 1394 verbis
480 1357 603 1409 quaerere
624 1357 655 1392 er
672 1340 760 1407 alique
785 1339 839 1391 rid.
857 1339 1014 1394 Hadrianus
1029 1344 1109 1400 card.
1129 1367 1155 1416 p.

177 1427 230 1481 126
239 1426 310 1495 (68).
328 1425 385 1479 cio.
402 1424 429 1477 iu
446 1426 522 1494 llere.
531 1423 556 1488 4,
565 1422 607 1487 45,
616 1421 674 1475 166.
692 1441 723 1475 er
737 1425 777 1476 ltie
791 1426 927 1494 quaeritur
942 1425 969 1476 in
985 1428 1074 1492 curia,
1093 1433 1157 1498 quiet

180 1507 248 1566 esset
263 1516 378 1578 facturn.
412 1506 502 1562 Plaut.
527 1508 673 1572 Bacch.2‚
696 1507 721 1574 2,
741 1505 867 1562 1216166
888 1511 1004 1562 uolebam
1023 1529 1073 1581 aga
1087 1533 1117 1566 ee
1132 1523 1158 1569 16

176 1597 382 1668 percunctarier.
417 1592 474 1647 cic.
489 1591 567 1647 Brut.
584 1591 705 1658 46112.
739 1589 828 1645 Plaut.
841 1593 919 1662 Gupt.
926 1593 951 1659 2,
960 1593 985 1659 2,
995 1593 1036 1649 13.
1055 1599 1153 1654 Horat.

177 1681 264 1750 Epist.
283 1679 307 1746 l,
323 1678 349 1744 ’1,
364 1677 408 1732 66.
729 1683 731 1688 ’
1058 1685 1060 1694 “
1121 1705 1123 1709 ·

194 1819 245 1881 11.
275 1815 403 1879 Eodem
438 1811 542 1877 modo
579 1812 678 1877 verbu
713 1813 950 1899 cognosaeudi‚
991 1815 1155 1895 66616661,

108 1901 330 1988 intelligendi,
362 1899 540 1975 sentiendi,
572 1899 795 1984 percipiendi,
835 1898 989 1964 discendi.
1040 1903 1155 1990 Neque

108 1990 203 2052 aliter
227 1995 420 2070 suspectare
445 2007 485 2048 ex
510 1981 628 2067 aliqua
650 2005 706 2060 re,
728 2006 868 2069 sperare
888 2009 927 2048 ea
948 1985 1072 2071 aliqua.
1116 1988 1155 2052 ln

42 2061 45 2072 ¹
110 2070 263 2136 omnibus
285 2069 336 2132 his
365 2069 453 2131 euim
478 2067 673 2152 intelligitur
703 2067 758 2150 id,
796 2067 887 2154 quod
918 2091 960 2133 ex
990 2073 1097 2158 aliqua
1119 2095 1155 2138 ra
1226 2131 1229 2141 .

109 2167 268 2222 sumatur.

147 2319 150 2326 .
214 2272 322 2328 61666
334 2271 411 2326 Fam.
427 2269 470 2336 16,
484 2269 527 2335 26,
544 2267 570 2323 l.
588 2269 621 2324 de
635 2287 692 2324 ntea
706 2271 793 2324 studia
807 2285 875 2338 erga
889 2274 999 2326 salutem
1015 2283 1040 2327 et
1055 2278 1155 2330 incolae

111 2409 115 2416 ,
176 2359 377 2412 mitatemtuasu
392 2357 467 2411 erede
481 2364 641 2426 tecagnoase
659 2373 689 2408 er
706 2356 799 2410 litteris
813 2364 925 2410 tuarum.
962 2359 1078 2412 Cuee.B.
1088 2363 1155 2430 gall.

140 2503 143 2510 Ι
174 2441 260 2507 211.
288 2449 319 2493 61
331 2449 421 2510 puetea
437 2459 469 2494 66
488 2439 600 2508 captiuis
622 2441 759 2509 cognitum
772 2447 818 2492 est.
853 2441 940 2494 verro
959 2442 1154 2512 6161166161.

174 2526 257 2590 631.
283 2526 351 2594 auud
373 2527 463 2578 dieunt
487 2525 571 2576 simile
587 2525 622 2576 sit
638 2541 718 2577 necne
739 2541 833 2576 namen
853 2526 954 2578 nomini
977 2527 1156 2596 imprudenter

174 2611 359 2664 Aristarchum
372 2609 538 2679 praecipere,
557 2603 679 2678 'opertere
691 2616 811 2677 spectare
825 2626 878 2659 nan
893 2611 975 2662 aulum
990 2629 1021 2663 ee
1034 2623 1102 2666 reete
1110 2616 1155 2668 sed
1258 2617 1262 2643 ¹

175 2696 256 2749 etiam
271 2712 404 2753 erearum
418 2694 531 2746 uocandi
547 2711 617 2757 6666,
636 2699 688 2745 616.
723 2691 778 2744 Sed
794 2692 857 2744 vida
872 2693 915 2759 IV,
935 2694 960 2747 8.

206 2800 296 2851 Plaat.
311 2796 371 2850 Mil.
388 2795 414 2860 4,
431 2794 457 2860 6,’
472 2794 514 2848 tt.
535 2796 621 2846 nescia
645 2802 693 2845 tua
717 2805 748 2847 66
770 2813 810 2848 rue
833 2797 880 2848 lsue
902 2799 1069 2850 audieriran
1090 2818 1153 2855 666.

150 2880 393 2952 ’66164666
429 2880 487 2934 (lie.
503 2880 538 2932 ad
553 2880 608 2933 Ast.
622 2876 648 2941 6,
664 2879 690 2931 u.
717 2880 834 2931 intellexi
852 2897 882 2931 eu
903 2882 955 2933 tuis
973 2883 1069 2934 titteris
1083 2892 1108 2936 te
1123 2900 1154 2941 ee

175 2967 311 3019 16666616
328 2967 432 3018 audiere
448 2985 465 3018 a
482 2982 522 3017 sne
535 2965 700 3034 prouinciam
716 2965 805 3028 fratri
827 2966 967 3018 traditam.
1001 2967 1034 3018 da
1048 2967 1109 3021 Nat.
1126 2968 1152 3022 dt
1237 3017 1239 3020 .

173 3048 199 3115 1,
215 3049 258 3114 21,
273 3049 315 3102 tr.
341 3052 415 3102 curt.
433 3050 467 3102 ad
482 3050 593 3103 Sallust.
610 3047 673 3116 lug.
688 3047 731 3114 26,
746 3049 771 3100 1.

209 3151 381 3204 1161666616
395 3169 425 3204 66
437 3169 486 3220 qua
503 3151 665 3220 intelligitur
680 3150 744 3202 vida
761 3151 885 3205 Gieeium
902 3152 936 3204 ad
952 3151 1007 3204 Cic.
1019 3152 1152 3210 deltivlu.

174 3235 200 3300 1,
218 3234 312 3300 tutu.
329 3253 342 3288 6
358 3254 407 3304 quo
422 3237 591 3304 intelligatur
605 3233 709 3302 legitur
724 3234 758 3287 da
774 3235 835 3288 Nat.
853 3234 878 3290 tl.
893 3235 919 3297 2,
934 3233 1050 3300 56146.
1070 3240 1152 3294 Tuae.

172 3318 259 3408 1,241,
278 3319 320 3375 46.
355 3321 433 3386 Quies
452 3335 505 3372 666
527 3317 657 3372 differunt
677 3335 767 3372 sensu.
787 3320 822 3372 61.
840 3338 866 3387 p.
874 3317 935 3372 615.
976 3320 1048 3374 Tam
1069 3340 1152 3392 saepe

172 3403 264 3463 Latini
281 3403 321 3456 ita
335 3403 497 3470 loquuntur,
524 3408 553 3454 ut
570 3402 685 3456 Baiurae
708 3403 735 3454 lu
753 3403 844 3474 verbis
862 3405 933 3470 apud
948 3403 1005 3458 cic.
1021 3405 1054 3458 de
1072 3407 1152 3462 0166.

122 3510 123 3513 “
172 3488 198 3552 6,
224 3487 254 3552 l,
274 3487 317 3552 66.
343 3488 437 3555 quitus·
453 3487 567 3554 perspici
592 3489 684 3556 puerit.
718 3487 886 3542 desideraret
907 3489 1159 3558 praepositionem,

174 3589 340 3646 quamquam
360 3587 393 3622 66
408 3587 460 3622 666
475 3569 632 3624 necessaria
648 3577 720 3629 erat.

208 3673 319 3725 Terent.
333 3673 404 3726 Eun.
418 3670 444 3736 4,
459 3670 485 3737 4,
499 3670 542 3726 66.
562 3690 612 3742 ega
633 3675 702 3726 seila
720 3689 750 3726 66
771 3673 897 3740 6666616
917 3674 974 3727 siet.
1008 3675 1109 3729 116661.
1124 3675 1150 3743 6,

172 3753 198 3820 l,
212 3756 238 3808 2.
256 3759 470 3826 6616666666
486 3765 516 3810 ut
531 3760 597 3810 sciat
613 3759 664 3810 sili
672 3757 763 3825 filium
778 3757 880 3809 rediise.
915 3758 1150 3828 Ρ1661.Β6661ι.6,

173 3838 198 3902 e,
214 3838 255 3891 66.
272 3843 342 3904 uidi,
360 3858 412 3891 nun
428 3858 459 3892 er
474 3844 566 3895 audito
582 3859 677 3912 arguo.
714 3841 794 3894 Ovid.
809 3842 882 3895 Fast.
896 3841 923 3908 5,
936 3842 996 3897 446.
1018 3847 1151 3915 66611666

172 3930 211 3978 est
229 3925 386 3976 invenienda
403 3925 458 3977 dee.

208 4023 265 4077 cie.
281 4043 307 4094 p.
324 4025 406 4078 Rasa.
420 4027 480 4078 Am.
499 4024 542 4092 18,
564 4025 607 4082 52.
642 4027 730 4081 edium
750 4027 835 4098 igitar
850 4029 1006 4082 acerrimum
1020 4007 1152 4100 66161616

167 4109 304 4178 ν61616166
320 4109 344 4159 l·
354 4127 382 4173 6,
398 4112 506 4179 opinor,
535 4111 689 4164 ostenditur.
724 4111 794 4166 Pliu.
809 4112 881 4166 11161.
897 4130 923 4168 n.
940 4112 983 4180 11,
1000 4113 1044 4180 66,
1059 4114 1102 4188 tt„
1120 4133 1151 4170 ea

171 4211 221 4264 que
237 4201 349 4266 apparet
365 4200 501 4248 artemum
517 4195 666 4250 litterarum
684 4213 767 4250 urum.
