2802 4732
133 343 137 359 '
220 351 284 420 504
604 332 609 340 ’
707 292 784 430 ur.

117 563 122 570 .
182 577 184 584 ,
222 504 426 598 peculiarem
441 503 553 570 adiicit
569 501 850 592 designationem,
870 511 908 566 ut
921 500 964 566 sit
981 512 1015 567 et
1031 497 1083 576 ,act
1098 497 1161 566 toa
1177 497 1290 590 illud,

224 601 332 672 mutat
348 591 482 672 locum,
508 600 638 655 et'occu
667 601 700 657 at
717 611 794 654 eum
818 598 894 677 post
909 589 1059 676 primurn
1075 608 1202 653 nomen
1219 586 1292 658 eive

225 680 268 744 ait
284 677 473 742 coniunctio
490 675 558 740 sive
574 614 672 740 alini.
717 675 771 740 Sic
786 685 819 752 et
834 674 949 755 simui,
964 671 1037 738 und
1051 671 1210 760 auglea'cla
1219 721 1230 754 ,
1255 683 1292 742 et

140 815 142 822 .
226 785 338 858 quum,
354 761 427 828 und
439 761 498 842 du,
514 760 598 828 fiunt
610 762 766 834 simulet,
782 760 939 848 augleiela
947 760 1046 839 caela,
1063 770 1220 846 pertimet,
1239 758 1292 822 dar

227 849 328 922 auoit.
372 847 560 914 Attrahitur
577 848 717 914 enimet
734 846 774 940 ab
795 869 864 910 uno
890 846 1002 945 aliquo
1018 844 1174 920 immine,
1198 842 1293 930 quod

228 936 390 1024 sequitur.
442 933 486 1000 Et
522 936 691 1021 quumRiu
722 931 975 1020 conformandis
1005 930 1292 997 enuntiationibus

169 1096 183 1102 ἡ
228 1022 336 1088 oratio
353 1041 423 1085 non
436 1043 507 1084 sem
534 1043 570 1085 er
592 1043 610 1090 a
632 1021 746 1108 primo
762 1019 924 1084 vocabulo
940 1017 1094 1104 incipiat,
1118 1017 1294 1104 sedsaepe

227 1108 369 1174 verbum
385 1043 769 1194 aliquoripraemittatur
781 1106 944 1171 velnexus
960 1105 1012 1172 vel
1029 1103 1291 1170 introductionis

182 1231 186 1238 -
216 1195 362 1276 caussa,
385 1193 485 1276 etiam
501 1195 536 1258 in
552 1191 604 1258 his
629 1192 790 1280 particula
812 1191 961 1279 primum
984 1191 1096 1255 locum
1119 1189 1182 1254 sibi
1204 1211 1291 1277 pro-

228 1279 341 1368 prium
370 1278 520 1345 obtinere
552 1278 694 1344 videtur.
742 1279 803 1344 Est
821 1279 928 1364 igitur
951 1275 1149 1345 inversionis
1173 1295 1291 1363 genus.

141 1369 142 1378 ’
231 1363 406 1442 sed‘ittud,
422 1365 514 1452 quod
526 1365 622 1430 unius
637 1364 783 1430 nominis
796 1363 1011 1451 praecipuam
1030 1362 1293 1449 designationem
1307 1387 1311 1396 ³

230 1451 351 1530 efficit,
374 1451 520 1518 cernitur
532 1451 567 1516 in
584 1451 800 1540 oppositione
823 1449 962 1518 aliarum
983 1457 1116 1527 rorum,
1138 1469 1223 1534 quae
1239 1447 1293 1515 uel
1353 1469 1355 1474 ’

232 1548 308 1608 ante
320 1535 425 1605 dictae
435 1547 515 1614 sunt
525 1537 577 1605 vel
589 1537 790 1638 cogitatione
800 1535 1142 1623 comprehenduntur.
1162 1533 1293 1620 Quem-

207 1623 415 1704 admodum
440 1625 497 1708 qui
519 1617 602 1688 'dicit
627 1623 721 1688 adem
745 1633 777 1688 et
802 1620 861 1688 itte
876 1619 987 1710 fecit,
1023 1622 1148 1707 cogitat
1170 1632 1203 1684 et
1227 1619 1293 1686 atii

231 1721 266 1781 et
289 1708 349 1778 itta
367 1705 491 1798 jecit·
514 1705 663 1774 Tantum
690 1709 792 1798 igitur
815 1706 922 1786 abest,
951 1717 1008 1788 ut,
1037 1719 1070 1772 et
1094 1707 1140 1772 sic
1164 1707 1292 1793 posito,

100 1786 109 1796 ’
141 1825 142 1828 “
219 1816 313 1862 xcurn
337 1793 613 1872 anacoluthorum
641 1794 827 1874 fautoribus
851 1793 940 1860 aliud
966 1804 999 1858 et
1023 1792 1293 1878 insequentibus

233 1889 482 1967 exspectemus,
501 1891 539 1946 ut
549 1879 706 1968 priorem
721 1889 871 1968 partem,
894 1877 947 1944 cui
963 1879 1065 1943 altera
1088 1901 1149 1966 peu·
1174 1888 1208 1948 aa
1230 1877 1294 1944 ad-

232 1965 407 2052 iungatur,
446 1967 513 2035 iem
544 1967 657 2032 animo
691 1967 743 2033 vei
768 1966 876 2031 verbis
901 1975 975 2031 ante
1002 1964 1096 2033 dictis
1119 1975 1293 2029 teneamus

122 2105 145 2144 ι.
233 2061 443 2138 conceptam.
486 2053 578 2116 Hanc
594 2075 673 2124 vero
691 2052 732 2118 ad
748 2052 857 2138 legem
874 2073 991 2116 omnes
1006 2050 1085 2118 boni
1102 2049 1295 2138 scriptores,

234 2133 268 2206 et‘
287 2137 605 2228 Ciceroirnprimis,
632 2140 820 2216 orationem
842 2159 936 2202 suam
956 2134 1165 2213 formarunt,
1195 2147 1294 2223 atque

233 2245 310 2292 cum
328 2223 384 2305 ilia
402 2225 595 2313 designandi
619 2225 669 2306 ui,
687 2235 720 2290 et
742 2220 873 2289 inverso
898 2222 1076 2289 verborum
1095 2223 1232 2304 ordine,
1258 2234 1293 2288 et
1327 2303 1334 2310 =
1379 2287 1380 2310 χ

219 2307 223 2312 ’
261 2319 313 2376 ost
327 2311 477 2398 primum
495 2311 711 2393 vocabulum,
725 2321 837 2390 tumen
854 2309 894 2380 ab
913 2308 1009 2374 initio
1024 2311 1205 2380 sententiae
1221 2309 1294 2374 col·
1379 2329 1380 2388 ξ

234 2333 400 2468 bearunt.
450 2397 539 2463 Nam
561 2397 594 2460 in
622 2398 739 2486 quibus
763 2420 781 2464 a
806 2395 921 2482 regula
945 2395 1186 2476 discesserunt,
1217 2418 1294 2464 rara

116 2561 121 2570 4
200 2559 207 2570 ,
234 2493 312 2551 tunt
334 2482 515 2575 exempla,
559 2482 626 2550 sat
657 2505 734 2549 usus
766 2479 954 2547 communis
984 2480 1065 2546 haec
1091 2481 1209 2569 postea
1232 2504 1295 2546 ex-

233 2570 380 2643 tenuavit
395 2569 459 2646 ite,
481 2577 538 2648 ut,
554 2570 613 2638 ubi
628 2568 799 2658 oppositio
816 2567 952 2653 alicuius
967 2569 1016 2648 rei
1026 2567 1151 2634 adesset
1161 2616 1171 2650 ,
1194 2569 1294 2634 ctiam
1324 2589 1330 2600 ’

233 2654 268 2728 in
285 2651 395 2724 media
415 2655 566 2732 oratione
584 2666 617 2726 at
635 2679 697 2744 pro
716 2654 825 2738 etiam
840 2660 1017 2740 ponerent.
1060 2653 1159 2719 Ratio
1178 2654 1294 2720 eadem

233 2739 372 2832 quidem
387 2751 453 2821 est,
473 2763 545 2808 non
565 2763 642 2806 vero
666 2741 757 2806 idem
782 2741 902 2807 modus
926 2741 1182 2824 grammaticum
1213 2733 1296 2808 nani

43 2835 48 2926 J
139 2863 141 2868 ,
208 2886 213 2895 ,
234 2825 355 2895 amittit
370 2827 529 2912 particula
540 2826 608 2893 vir'n
625 2826 860 2916 copulativam,
878 2834 911 2906 et
925 2825 1119 2916 simpliciter
1131 2825 1295 2912 significat

182 2961 200 2982 Ι,
233 2909 269 2983 id
287 2911 511 2998 quodetiam,
556 2911 657 3059 guod
673 2911 746 2976 fieri
763 2933 860 2998 posse
880 2921 912 2981 et
929 2932 1083 2998 graecum
1104 2913 1156 2981 uui
1177 2923 1210 2976 et
1230 2934 1295 2998 gos·¹
1309 2919 1325 2984 ’,

232 2996 360 3069 thicum
381 2995 445 3094 jalp
467 3006 560 3061 osten
587 3007 658 3066 unt.
704 2999 769 3063 Sed
779 2997 890 3064 uarius
908 2995 970 3060 heo
989 2997 1133 3062 dictione
1152 2999 1294 3066 uteban-

203 3099 205 3106 ‘
223 3093 289 3158 ¹tur
305 3083 404 3153 etiam
421 3084 509 3148 iuter
524 3084 723 3149 recentiores
739 3085 780 3165 ii,
808 3084 866 3168 qui
888 3092 982 3148 erant
1006 3083 1189 3149 verborum
1216 3085 1294 3151 diti-

258 3169 419 3254 entioresa
442 3179 557 3250 tamen
582 3170 617 3238 iu
640 3171 802 3236 Cicerone
825 3169 858 3232 id
876 3170 1077 3256 vituperare,
1098 3171 1190 3257 quod
1206 3180 1294 3236 recte

154 3303 157 3308 ,
233 3190 307 3326 ieri
321 3277 439 3342 posse,
468 3267 501 3320 et
518 3265 594 3320 ante
613 3277 690 3322 eum
705 3254 830 3322 factum
848 3278 917 3320 asse
934 3277 1035 3327 nemo
1053 3257 1201 3344 negabit,
1224 3279 1294 3322 non

37 3429 40 3438 Ι
102 3374 109 3387 ·
170 3378 172 3382 ·
234 3339 346 3405 minus
370 3342 523 3427 ineptum
549 3340 695 3418 videtur,
731 3364 833 3430 quam
855 3341 1075 3421 contendere,
1107 3363 1294 3430 numquam

123 4111 128 4126 “
239 4115 383 4194 tutte.
415 4169 416 4173 Ν

236 3425 425 3496 ttCicerone
443 3427 475 3490 id
495 3427 621 3492 dictum
640 3449 728 3508 esse,
746 3427 852 3493 sedin
872 3427 1027 3492 omnibus
1045 3426 1125 3492 locis
1142 3429 1294 3496 librario·

233 3533 312 3576 rum
332 3511 497 3580 sedulitati
512 3510 639 3578 deberi.
681 3513 768 3578 Illud
787 3534 884 3587 vero,
912 3513 1009 3606 quod
1027 3514 1130 3581 critici
1146 3526 1294 3595 narrant,

235 3597 344 3664 etium
365 3619 464 3684 saepe
491 3624 510 3666 a
534 3599 649 3682 scribis
675 3609 842 3666 mutatum
866 3621 935 3664 esse
955 3599 994 3664 in*
1015 3610 1066 3678 et,
1100 3600 1223 3670 falsum
1247 3611 1294 3666 est

171 3682 192 3710 ’·
235 3695 477 3753 commentum.
526 3685 613 3752 Nam
638 3685 767 3774 saepius
792 3683 838 3748 illi
867 3685 976 3764 ctiam
1000 3686 1224 3771 scripserunt,
1256 3696 1294 3750 ut

235 3767 510 3856 significationem
544 3773 679 3843 voculae
703 3783 736 3837 et
761 3769 979 3918 explicarenta
1017 3759 1144 3920 (luein
1170 3772 1293 3842 iudicio

165 3878 174 3892 ·
234 3875 368 3922 mecum
382 3847 530 3928 sentiunt
537 3857 689 3928 Heinsius
702 3857 743 3929 ad
751 3857 799 3920 Ve
814 3853 866 3922 tei.
883 3857 951 3922 Pet.
961 3861 1018 3934 2,1
1045 3863 1077 3922 6.
1087 3868 1129 3942 et
1138 3858 1293 3924 Draken-

236 3938 354 4006 borch.
379 3943 419 4012 ad
445 3943 514 4007 Liv.
538 3948 591 4022 22,
614 3944 668 4022 47,
693 3947 725 4012 9.
766 3943 873 4027 Atque
896 3941 986 4006 idern
1012 3947 1227 4031 cognoscitur
1252 3963 1293 4015 ex

430 4029 434 4036 i

236 4026 353 4119 glossis
370 4050 409 4094 an
426 4029 523 4182 ilpuis.
542 4028 607 4092 vid.
624 4026 739 4093 Schol.
757 4026 799 4092 ad
814 4029 936 4098 Lueun.
956 4032 1070 4108 tuta.
1090 4035 1122 4113 8,
1132 4033 1207 4097 257.
1216 4029 1292 4098 415.

430 4181 434 4188 .
457 4135 494 4184 ua
508 4135 597 4210 nuuc
615 4135 752 4192 omnem
773 4135 871 4188 usum
895 4113 938 4190 ud
961 4113 1096 4194 definita
1118 4114 1293 4214 exemplo*
