2758 4726
509 402 534 472 F
536 393 719 471 RVSTR'A.
1067 401 1132 471 745

173 567 205 626 3.
239 560 495 649 Componuntar
518 559 677 624 voeabula
692 557 842 650 fortuito
870 566 1070 642 occanere,
1098 571 1132 626 et

92 647 202 734 ipsum
222 647 302 711 illud
330 667 390 734 pro
414 658 537 710 temere
560 645 689 710 dicitur.
1124 655 1127 680 ³

193 767 249 821 cic.
266 769 343 822 Orat.
360 764 404 831 55,
420 763 480 818 ²86.
499 766 589 835 itaqua
603 774 630 820 et
642 759 791 819 Herodorus
813 769 840 818 n
859 764 951 816 eadam
965 764 1132 835 tuperiarpua

160 859 236 905 aetna
248 867 355 904 numere
365 851 453 904 caruit
464 851 517 904 niat'
532 853 638 920 quanda
652 859 748 904 temere
763 856 789 902 et
796 850 921 915 fortuita.
939 849 973 900 de
989 849 1043 902 Off.
1052 849 1077 914 l,
1086 850 1130 917 29,

158 936 226 990 lua„
235 945 267 990 ut
278 954 311 989 ne
326 936 390 1004 quid
403 943 499 988 tentare
517 953 549 988 ac
563 937 693 1001 fortuita,
710 934 902 986 inconsiderate
915 935 1132 1004 negligenterque

157 1039 280 1092 agamus.
313 1019 517 1086 Ltv.2,uu,1.
535 1037 569 1072 ne
590 1047 624 1059 -
642 1020 731 1072 amnia
748 1006 843 1070 temere
856 1033 887 1070 ac
899 1018 1015 1083 fortuita
1029 1027 1130 1087 agera.

158 1106 216 1158 Cic.
233 1123 259 1174 p.
284 1104 352 1158 Sall.
374 1101 400 1169 4,
422 1103 465 1158 1a
491 1112 569 1174 atque
589 1103 658 1157 inter
680 1121 728 1156 naa
745 1102 857 1172 partitio
878 1119 932 1153 nan
953 1108 990 1154 eet
1005 1102 1131 1172 sonatan,

156 1189 269 1254 iudicer,
289 1206 335 1240 aea
352 1195 445 1241 temere
454 1183 546 1258 facta.
944 1175 947 1186 ’

194 1289 252 1343 cie.
269 1292 303 1344 de
322 1291 386 1346 niv.
401 1289 428 1356 2,
442 1290 486 1357 28,
502 1291 544 1347 61.
567 1290 623 1361 ipae
636 1291 681 1343 tlte
698 1287 868 1343 divinationis
882 1294 974 1341 auctae
990 1305 1133 1359 numquam

157 1377 207 1428 illa
244 1377 416 1447 diect·suctu
434 1371 591 1464 sadada,
630 1375 828 1445 naturalemque
856 1372 986 1428 rationem
1016 1376 1132 1430 omniura

156 1460 256 1516 reddet.

456 1629 762 1717 FRVSTRA.

171 1777 337 1848 Furem
360 1789 408 1846 est
422 1776 598 1867 fructeta,
623 1778 759 1843 ablativa
777 1776 886 1846 forma
900 1778 1045 1844 neminie
1065 1781 1130 1847 ob-

88 1863 183 1928 soleti
198 1866 388 1954 frusterua:
427 1866 519 1929 sicuti
546 1885 670 1947 surpra,
709 1875 825 1943 extra,
858 1877 979 1930 contra
1004 1866 1132 1936 dicitur.

89 1947 143 2032 Cf.
158 1966 276 2014 nunna
296 1959 328 2012 et
352 1965 504 2014 CONTRA.
546 1947 669 2010 Vltima
691 1949 841 2014 vocabuli
864 1950 958 2037 origo
983 1955 1131 2018 cernitur

88 2031 125 2096 in
136 2030 267 2118 flecto,
289 2032 380 2180 pund
400 2043 447 2098 est
468 2027 685 2120 prefraudus.
728 2031 776 2096 Ita
791 2045 926 2120 cognata
939 2047 1015 2100 sunt
1031 2037 1131 2104 ciuu-

86 2127 197 2182 atrum
217 2128 248 2183 et
271 2116 383 2180 cudo.

192 2213 319 2292 Persium
340 2237 369 2290 in
397 2236 488 2290 Carnu
504 2215 572 2306 cop.
594 2255 620 2306 p.
642 2233 686 2293 30.
715 2235 801 2290 haeae
845 2235 948 2316 frastra
970 2239 1132 2304 adverbium

158 2337 176 2377 a
201 2322 319 2378 tanetum
340 2321 486 2374 deductum
514 2321 683 2388 existimant,
724 2321 794 2388 quad
822 2321 959 2390 siguificat
986 2324 1131 2392 incassum,

88 2401 91 2421 ³
157 2403 237 2473 quasi
259 2405 435 2480 imperfectae
462 2421 480 2457 a
502 2422 554 2472 qua
577 2405 608 2460 fit
628 2407 728 2458 frustra
751 2398 884 2470 verbum,
906 2408 977 2474 quod
996 2414 1037 2462 eet
1053 2409 1130 2476 ialle,

157 2489 265 2544 deindo.
298 2489 417 2543 Meliora
438 2489 584 2542 Martiaiue
601 2491 667 2542 [rex.
683 2488 779 2558 philol.
798 2489 830 2541 T.
845 2489 870 2541 1.
892 2507 918 2558 p.
933 2490 993 2545 483.

174 2591 424 2680 significationis
446 2593 548 2674 ratio,
585 2613 785 2676 quamquam
810 2601 857 2656 est
879 2591 1131 2678 simplicissima,

85 2675 211 2742 mirum
229 2688 382 2764 quantam
399 2678 620 2762 grammaticis
638 2677 861 2757 difficultatem
885 2678 1036 2742 attulerit.
1080 2680 1133 2744 De

86 2785 124 2827 ea
142 2761 363 2828 disseruerunt
378 2763 509 2828 Ernesti
524 2763 558 2826 in
574 2762 701 2849 Synon.
716 2763 758 2837 Τ.
774 2768 805 2826 2.
821 2784 855 2848 p.
864 2767 916 2828 93.
948 2763 1130 2849 Herzogiua

88 2847 130 2915 ad
143 2847 273 2916 Sallust.
282 2851 353 2920 Cat.
363 2853 416 2925 20,
426 2855 457 2914 2.
483 2849 703 2930 Doederlinus
720 2848 754 2912 in
772 2848 899 2934 Syron.
915 2847 998 2914 Τ.8.
1014 2853 1131 2936 p.100.

86 2933 328 3000 Ramshornius
354 2935 482 3019 Synon.
512 2933 554 2998 T.
581 2941 610 2998 1.
643 2958 677 3021 p.
700 2935 774 2997 484.
819 2931 1003 2998 Fraudata
1027 2955 1132 3018 quum

86 3017 249 3104 significet
264 3021 422 3106 decipere,
436 3018 575 3106 Jrrtatra
590 3020 728 3084 modum
745 3016 874 3100 iudicat,
901 3039 967 3103 quo
986 3019 1059 3104 quie
1074 3030 1131 3084 aut

87 3103 268 3190 decipiatur
292 3115 347 3170 aut
371 3103 521 3192 decipiat.
575 3103 659 3168 Nam
684 3114 857 3188 utramque
883 3114 915 3166 et
939 3103 1074 3170 activam
1098 3115 1130 3168 et

112 3189 248 3254 aeeivam
270 3189 439 3254 notionem
465 3188 612 3263 subesse,
643 3188 776 3258 idbene
796 3189 965 3276 perspexit
978 3187 1131 3254 Doeder-
1183 3219 1199 3249 s

85 3213 190 3344 iinue.
230 3273 342 3362 Itaque
359 3274 493 3362 proprie
509 3270 651 3338 refertur
671 3273 710 3340 ad
735 3295 888 3359 eperum,
910 3294 993 3364 quae
1011 3271 1131 3340 effectu

87 3371 197 3438 caret,
225 3372 256 3424 et
273 3359 418 3437 adrem,
447 3380 529 3446 quae
545 3369 662 3422 eventu
685 3357 865 3422 fraudatur.
909 3363 1016 3444 Atque
1038 3360 1130 3446 quod

86 3467 131 3510 ex
146 3446 270 3532 agentis
286 3455 379 3525 parte
395 3444 523 3530 frustra
543 3443 597 3525 fit,
619 3468 662 3508 ne
683 3443 846 3530 uidquam
869 3467 938 3509 eece
963 3443 1079 3508 dicitur
1093 3444 1130 3508 in

85 3553 124 3595 re
151 3533 223 3618 ipsa
247 3529 433 3612 efficienda,
467 3529 572 3594 idest
596 3467 696 3606 nihii,
730 3529 766 3592 in
789 3527 882 3593 nihil.
937 3529 1049 3610 Quare
1073 3529 1130 3594 ubi

76 3613 220 3703 sruetra
243 3617 402 3718 dicimus,
436 3637 504 3679 non
527 3625 657 3680 tantum
678 3614 718 3680 de
742 3615 983 3704 exspectatione
1002 3611 1081 3678 falsa
1097 3625 1130 3678 et

86 3701 223 3788 decepta
247 3705 446 3792 cogitamus,
489 3700 665 3787 sedsaepe
696 3699 794 3764 etiam
818 3701 858 3764 de
882 3723 983 3786 opera
1005 3709 1129 3764 temere

84 3799 297 3874 consumpta.
345 3788 383 3853 In
396 3785 530 3876 flutatra
550 3787 637 3850 enim
653 3795 791 3872 apparet
806 3786 917 3850 irritus
937 3785 1033 3850 labor
1051 3783 1130 3850 irri-

86 3883 201 3936 tumve
216 3876 435 3960 inceptum-ct
459 3872 541 3937 aetio
566 3872 635 3936 sine
660 3871 725 3935 fine
746 3881 778 3934 et
800 3872 870 3934 aine
892 3871 1030 3935 oonsilio
1053 3889 1130 3933 sus-

87 3968 199 4045 cepta:
221 3957 256 4022 in
275 3958 604 4046 nequidquam'nihil
626 3980 695 4022 esse
720 3957 883 4020 effectum.
928 3955 1027 4036 Quod
1053 3955 1130 4040 quia

85 4063 186 4130 caepe
203 4043 238 4106 in
254 4064 354 4108 unam
369 4067 440 4108 rem
455 4055 634 4130 utrumque
649 4043 745 4122 eadit,
767 4051 1016 4130 componuntur
1029 4039 1128 4105 ambo

83 4129 145 4194 ilia
160 4128 333 4207 voeabula,
355 4137 393 4190 ut
409 4128 449 4193 ab
474 4139 611 4214 utraque
632 4140 726 4216 parte
744 4137 777 4191 et
800 4136 937 4192 canetae
962 4124 1129 4212 agentium

86 4213 278 4306 etetteetue
298 4231 413 4310 rerum
441 4213 646 4304 designetur:
679 4212 780 4282 edati
801 4233 864 4280 noe
890 4211 1029 4280 dicimus
1052 4227 1128 4279 uer-
