2852 4736
256 346 319 448 tet
679 323 906 457 uovtnunf'

337 529 453 600 (Plani
476 527 563 582 Μθΐθ·
584 525 660 591 Η,
685 524 729 579 4⁰·
764 529 855 608 emovi
883 529 970 582 lrercle
991 531 1110 600 equidem
1123 547 1185 602 agn
1206 535 1272 589 clim
1295 539 1325 590 in

327 616 523 670 adolescentia.-
543 629 633 686 oerum
648 611 685 664 ud
700 612 750 682 irae
763 612 910 682 exemplum
924 631 1077 686 numquupu
1096 617 1200 670 Bacch.
1209 618 1235 684 3,
1245 620 1271 684 3,
1281 621 1323 675 33,

327 703 358 776 id
370 702 490 770 equidem
505 715 556 768 ego
572 703 641 750 cocto
656 697 718 749 ecio.
753 697 868 752 Terent
889 699 981 752 Hecu.
998 698 1067 766 4,1‚
1084 701 1126 754 lo.
1154 705 1183 754 id
1206 709 1325 774 equidem

328 805 396 859 ogo,
416 788 440 840 ci
460 794 490 838 tu
511 799 608 852 aegeo,
639 787 710 835 certo
732 783 793 835 ecio.
823 783 873 840 ulti
893 784 1036 838 Bentleiue
1060 790 1194 855 praetulit
1221 794 1324 860 quidem

327 877 496 944 propterea,
526 866 599 935 quod
622 867 742 934 equidem
766 885 817 936 per
843 886 873 922 ee
898 870 1007 923 valeret
1028 888 1079 940 ego
1097 875 1209 942 quidem.
1246 877 1326 950 Quae

329 954 472 1011 Ciceronis
496 953 578 1007 atton
601 950 719 1012 Servius¹
733 954 768 1006 ud
783 951 883 1022 virgil.
908 955 977 1008 Aen.
999 955 1024 1020 1,
1046 953 1182 1028 misego
1205 964 1324 1032 equidem

264 1051 284 1112 j
328 1051 433 1105 ceterae,
443 1045 627 1110 tempestates:
655 1038 727 1090 haec
748 1037 815 1091 eunt
833 1042 921 1101 verba
944 1041 1076 1096 oreuonu
1091 1061 1118 1111 p.
1134 1044 1196 1098 Mil.
1211 1046 1237 1112 2,
1252 1045 1278 1101 5.
1297 1054 1325 1120 qt

329 1129 417 1182 habet
432 1126 473 1182 ita
488 1115 547 1178 cod.
557 1123 636 1176 barb.
651 1124 700 1175 scd
714 1123 834 1194 reliqui,
854 1133 885 1179 ut
900 1115 1002 1198 paige,
1021 1115 1147 1198 equidem.¹
1164 1132 1324 1198 reomau,

328 1213 355 1280 6,
371 1213 415 1267 25.
433 1213 471 1266 eie
487 1228 586 1281 ego-
600 1210 682 1262 uelim
698 1211 825 1278 equidem.
854 1211 967 1266 Sallust.
988 1213 1129 1281 cuit-51,
1148 1216 1190 1270 15.
1208 1201 1326 1288 equidem

330 1317 380 1370 ego
402 1299 440 1351 δίο
462 1297 596 1351 exitium·
631 1295 693 1365 lug·
711 1293 796 1368 ‚1⁰2⁶-
821 1298 941 1366 equidem
956 1316 1007 1370 ego
1021 1299 1094 1352 oolla
1107 1317 1221 1371 regnum
1236 1306 1323 1357 trudo.

366 1485 458 1540 Plani.
472 1486 573 1554 Amph.
587 1485 614 1552 2,
630 1483 730 1552 2,122.
752 1485 798 1556 qui
812 1483 885 1553 ipruc
894 1483 1014 1555 equidem
1025 1505 1097 1542 uuuc
1107 1489 1224 1568 primum
1241 1493 1340 1562 tetam·

330 1581 415 1628 tecum
431 1573 560 1641 conspicio
574 1572 661 1624 simul.
728 1587 729 1592 ¹

188 1748 192 1756 Ι
223 1685 227 1700 “
327 1679 502 1740 -Attamen
515 1673 697 1760 recentiori
715 1682 830 1753 aetate,
849 1694 953 1761 quum
963 1671 1171 1760 grammatici
1190 1675 1325 1743 docuis-

264 1772 338 1828 sent
355 1784 425 1826 esse
439 1759 528 1824 idem
544 1760 634 1844 quod
650 1757 715 1846 ego
731 1759 869 1846 quidem
885 1759 936 1824 vel
952 1784 1033 1847 ego,
1055 1765 1234 1849 scriptores
1250 1768 1324 1854 qui·
1408 1793 1409 1796 ¹

266 1849 343 1916 dam
361 1847 439 1914 huic
456 1857 636 1933 praecepto
653 1867 751 1909 suum
768 1867 864 1910 usum
882 1847 1193 1914 accommodarunt.
1264 1855 1268 1858 ’

370 1967 443 2021 Ptin.
458 1966 533 2020 utut,
551 1984 578 2018 n.
593 1966 618 2031 2,
635 1963 679 2030 23,
699 1964 744 2019 25.
763 1965 832 2035 quad
853 1965 971 2036 equidem
992 1969 1084 2022 eciam.
1099 1970 1127 2036 2,
1148 1969 1193 2038 98,
1209 1971 1269 2024 1⁰1.
1296 1977 1326 2026 ut

333 2051 417 2118 mihil,
436 2054 507 2122 quod
520 2053 638 2122 equidem
647 2052 784 2117 moverim,
800 2061 978 2122 praeteream
1215 2063 1217 2070 '

352 2161 403 2222 13.
427 2155 528 2238 Quod
552 2156 587 2219 in
605 2153 718 2220 multis
741 2153 843 2232 locis,
869 2156 1061 2242 praesertim
1082 2155 1325 2242 npud·Gicero-

266 2264 357 2324 nem,
372 2241 500 2307 factum
518 2240 676 2322 videmus,
696 2240 851 2328 equidem
870 2238 910 2305 ab
923 2242 1019 2307 initio
1037 2238 1216 2309 sententiae
1231 2245 1324 2332 poni,

267 2329 301 2395 id
316 2328 494 2416 propriam
511 2327 611 2392 habet
627 2349 785 2392 caussam.
828 2326 1098 2396 Demonstrativa
1112 2331 1199 2393 enim
1217 2351 1275 2394 sua
1294 2331 1325 2395 vi

187 2449 190 2456 ·
269 2414 433 2504 particula
466 2415 567 2478 nectit
602 2414 880 2492 enuntiationem,
918 2437 1003 2511 quae
1026 2413 1249 2480 affirmatione
1273 2417 1326 2480 in-

267 2501 387 2586 signita
406 2501 532 2566 novum
544 2499 803 2588 argumentum,
827 2499 878 2571 vel
893 2499 991 2564 oham
1006 2503 1200 2570 sententiam
1217 2494 1324 2566 addat

269 2587 370 2668 Quod
394 2608 498 2674 quum
527 2587 688 2650 Germani
713 2585 825 2650 dicant
852 2585 926 2648 eund
954 2587 992 2650 in
1021 2586 1083 2652 der
1110 2587 1219 2664 Time,
1253 2589 1327 2651 und

269 2670 368 2756 eben,
390 2671 488 2739 multi
503 2667 627 2758 ineam
645 2672 838 2760 opinionem
856 2670 988 2736 adducti
1002 2683 1095 2752 stant,
1119 2684 1154 2736 ut
1171 2673 1327 2760 equidem

236 2788 239 2799 =
270 2770 395 2822 esseet
419 2757 556 2844 quidem
583 2759 740 2822 dicerent.
790 2755 866 2846 Ipsa
891 2779 968 2823 vero
995 2759 1114 2846 copula
1136 2775 1206 2834 non
1230 2759 1327 2842 inest,

269 2843 327 2908 sed
342 2843 502 2933 particula
518 2846 693 2928 transitum
712 2852 816 2938 parqt.
889 2857 892 2864 ·

209 2965 214 2990 ¹
301 2977 304 2988 ·
374 2962 477 3031 uiuo,
494 2963 595 3030 19,1o.
621 2966 842 3032 occiduaeque,
864 2959 971 3026 etiamsi
984 2963 1076 3034 prima
1088 2979 1213 3034 prospere
1226 2966 1329 3018 evenio-¹

301 3063 304 3070 ·
338 3057 411 3114 cent,
431 3049 526 3102 Peraea
539 3056 564 3102 et
579 3051 665 3102 Indae.
674 3057 699 3102 et
715 3051 846 3106 imbellem
856 3049 949 3102 Arium
961 3051 1120 3118 quaesierat,
1139 3051 1329 3118 etlcnmsemi-

338 3136 381 3188 uia
396 3135 448 3186 etti·
462 3135 560 3188 tellum
568 3136 655 3201 suinae
669 3134 792 3186 diuisaetc
816 3134 887 3202 qued
900 3133 982 3204 Epiri
995 3147 1085 3204 regem
1097 3135 1282 3186 Alexandrum
1292 3164 1329 3173 -

339 3220 434 3284 dicione
443 3223 540 3295 suum
553 3247 602 3270 -.
637 3217 784 3288 Equidem,
804 3235 883 3287 quum
897 3235 946 3288 per
960 3233 1046 3272 aanor
1059 3225 1172 3287 quatuor
1181 3225 1206 3270 et
1218 3218 1329 3288 uiginti,

284 3357 287 3362 Δ
335 3306 424 3376 primo
436 3306 534 3374 punica
556 3306 622 3356 bello
643 3305 770 3356 cloaribus
790 3310 920 3355 certatum
939 3321 997 3356 cum
1018 3303 1113 3355 Poenis
1126 3301 1265 3368 recordor,
1284 3305 1331 3356 aiu

340 3397 456 3444 aetatem
470 3389 803 3457 Alexandriauffeeturum
812 3390 899 3455 fuisse
913 3401 974 3441 reor
985 3382 1110 3439 uduoum
1125 3389 1227 3440 tettan.
1262 3389 1331 3441 Alie

340 3472 404 3527 vide
418 3489 508 3541 cupra.
1005 3485 1008 3492 ’
1166 3487 1169 3494 ·

357 3578 409 3640 14.
430 3574 573 3640 Pertinet
589 3574 751 3662 particula
768 3573 868 3656 haec,
892 3583 928 3640 ut
951 3575 1016 3640 iam
1037 3573 1123 3653 dixi,
1154 3574 1192 3638 ad
1210 3584 1330 3655 totam,

272 3662 326 3727 cui
350 3659 543 3748 praefigitur
568 3670 624 3724 aut
650 3661 893 3748 interponitur,
926 3660 1135 3724 sententiam.
1196 3659 1331 3725 Tamen

271 3757 350 3812 sunt
373 3747 490 3827 etiam,
519 3747 555 3811 ¹in
580 3746 706 3836 quibun'
724 3749 781 3810 uni
803 3745 911 3811 verbo*
934 3747 1112 3834 praecipue
1132 3745 1329 3820 adhaerens,

270 3833 462 3899 huiusuim‘
489 3843 584 3920 auget
613 3842 645 3896 et
674 3831 866 3918 adstringit,
899 3841 936 3896 ut
966 3855 1029 3920 pro
1058 3831 1196 3918 quidem
1225 3833 1332 3920 accipi

269 3920 386 4006 possit.
431 3919 529 4006 Apud
554 3919 751 3985 Ciceronem
768 3930 870 4006 saepe
880 3929 959 4008 post
975 3916 1114 3984 verbum
1131 3918 1282 4006 ponitur.

374 4039 432 4093 cic.
448 4040 482 4092 do
497 4040 575 4093 Orat.
590 4039 616 4105 2,
630 4037 656 4105 (l,
671 4035 714 4092 25.
737 4037 793 4090 vid.
810 4057 836 4107 p.
851 4038 911 4092 432.

376 4129 508 4209 Quinctii.
522 4143 549 4207 ¹i,
563 4133 589 4207 2,
607 4140 650 4194 24.
676 4142 749 4194 cuiue
772 4143 900 4194 actionem
924 4142 1042 4211 equidem
1059 4143 1142 4195 colum
1157 4143 1186 4194 iu
1201 4143 1250 4195 lene
1263 4151 1332 4198 tcm-

336 4243 388 4294 puc
408 4228 557 4280 emiseram
595 4225 643 4277 ubi
673 4225 852 4296 Spaldingiue
868 4233 988 4280 ¹temere
1015 4225 1134 4281 coniecit
1159 4235 1185 4281 et
1212 4229 1329 4297 quidem.
