2782 4730
136 1640 139 1647 ,
235 1570 325 1658 quod
345 1567 525 1649 efficiatur,
544 1577 665 1632 notant
681 1569 805 1637 vocabu

185 310 188 318 ,
232 313 303 450 aas
653 326 845 466 satiust.

618 533 904 672 arnust.
987 637 991 644 ⁴

286 720 289 730 “
316 705 381 770 Res
402 703 470 770 sive
495 719 627 784 caussa,
650 725 733 790 quac
750 704 798 784 ci„
826 704 917 790 quod
932 703 989 787 fit,
1012 727 1083 770 nou
1100 707 1292 792 respondet,

200 787 291 880 “sed
308 793 515 856 contrarium
533 811 650 876 agens,
671 790 756 872 nihil
779 801 893 882 tarpeii
920 793 1081 879 impedit,
1113 795 1293 879 quominus

197 886 199 892 ’
231 879 298 947 hon
315 879 518 958 eveniat„ea
534 877 761 941 enuntiatione
777 880 997 966 exprimitur,
1029 901 1129 965 quam
1155 903 1293 944 conces-

150 983 152 990 ’
195 969 199 976 “
231 964 652 1032 sivamvocaresolemusi
674 965 709 1028 in
734 985 798 1050 qua
822 966 907 1028 ratio
927 976 959 1030 et
978 967 1215 1052 consequentia
1235 991 1292 1032 rc·

258 1063 416 1139 ugnantes
436 1055 617 1137 apparent,
641 1058 674 1112 et
689 1051 913 1116 intercedente
934 1052 997 1118 alia
1024 1075 1135 1117 caussa
1160 1053 1292 1120 distant.

231 1077 281 1206 iia
307 1149 438 1204 remoto
463 1136 727 1222 impedimento,
759 1139 852 1224 quod
874 1139 909 1203 in
940 1162 975 1204 so
1006 1139 1109 1218 valet,
1145 1139 1219 1227 ipsa
1242 1134 1292 1207 rei

234 1225 425 1292 efficiendae
448 1223 567 1288 veritas
592 1220 822 1288 confirmatur.
868 1227 978 1312 Atque
998 1225 1044 1294 ab.
1062 1225 1163 1291 altera
1187 1238 1291 1314 parte,

232 1337 304 1378 non
315 1310 519 1398 'respondere
533 1309 697 1373 rationem
710 1316 964 1395 consequentiae
981 1311 1171 1398 designatur
1187 1313 1291 1379 verbis

202 1414 205 1430 '
234 1397 384 1478 etiami,
395 1397 479 1478 ⁴(atsi,
500 1418 718 1544 quamquam,
738 1398 948 1486 quamvis,et
962 1399 991 1462 si
1005 1421 1088 1485 quae
1104 1390 1181 1464 s'uut
1196 1399 1291 1488 liuius
1361 1458 1367 1470 ,

187 1486 189 1490 ’
233 1486 362 1574 generis
382 1483 461 1548 alia:
487 1505 503 1545 a
553 1481 656 1546 altera
678 1493 788 1546 autem
806 1494 922 1633 parte,
948 1485 1168 1551 nihilominus
1193 1485 1290 1567 effici,

822 1582 1003 1652 atamen,
1027 1584 1137 1654 certe,
1162 1573 1292 1638 similia,

234 1655 321 1722 Illud
336 1677 437 1735 vero,
460 1653 551 1743 quod
573 1656 609 1719 in
636 1675 747 1718 caussa
768 1677 955 1742 repugnare
977 1657 1109 1722 videtur
1130 1669 1185 1722 aut
1210 1682 1291 1723 con-

232 1744 374 1815 trarium
390 1742 587 1828 apponitur,
612 1740 713 1804 veluti
730 1763 834 1826 quum
854 1744 969 1811 Cicero
986 1745 1050 1808 aits
1070 1769 1140 1809 non
1150 1746 1289 1832 postulo

233 1829 274 1896 id
289 1827 445 1916 quidem,
467 1849 549 1891 aveo
566 1837 683 1890 tumen
699 1827 843 1903 audire,
874 1841 930 1893 aut
951 1831 1134 1894 remittitur
1157 1842 1191 1896 et
1213 1833 1290 1897 irri-

128 1941 131 1948 ’
232 1928 306 1980 tum
318 1935 387 1980 esse
404 1914 535 1977 iubetur
553 1911 661 1977 verbis
677 1935 905 2000 quamquam,
918 1917 1104 2004 quamvis,
1127 1929 1184 1981 aut
1202 1919 1291 1982 deni-

165 2039 167 2046 *
234 2024 319 2090 que,
342 2011 643 2085 tamquaincaussa
661 1999 733 2084 ipsa
744 2001 871 2082 ualeat,
894 2003 1161 2067 conditionaliter
1176 2005 1291 2090 expri-

219 2087 342 2162 'mitur
354 2109 415 2174 per
430 2085 495 2149 etsi
504 2134 514 2164 ,
547 2084 694 2150 etiamsi.
740 2087 853 2166 Quare
877 2087 958 2152 haec
980 2088 1021 2152 ab
1043 2090 1107 2154 illis
1131 2113 1170 2154 eo
1196 2089 1291 2156 diffe-

232 2178 331 2254 runt',
355 2171 444 2259 quod
460 2193 608 2234 caussam
626 2194 696 2235 esse
713 2185 844 2258 ponunt
869 2185 900 2238 et
924 2175 1131 2250 concedunt,
1152 2177 1209 2241 illa
1231 2201 1292 2264 po-

233 2261 330 2325 sitam
350 2271 383 2324 et
400 2260 567 2344 cognitam
584 2258 719 2324 retineri
740 2260 828 2322 inse
849 2262 981 2325 iubent:
1014 2261 1088 2326 illae
1112 2264 1292 2348 particulae

146 2369 147 2372 ’
235 2347 315 2410 duas
332 2369 385 2409 res
407 2345 467 2408 sibi
491 2355 711 2430 repugnantes
735 2345 977 2432 compensant,
1000 2347 1063 2412 hae
1086 2359 1197 2412 autem
1220 2373 1291 2414 rem
1312 2389 1317 2410 t

234 2429 418 2498 conditioni
437 2430 659 2511 submittunt,
691 2430 727 2497 in
753 2453 815 2516 qua
843 2434 918 2518 ipsa
936 2455 1006 2498 non
1030 2444 1196 2513 mutetur,
1236 2435 1292 2498 scd

209 2522 214 2538 ²
232 2529 372 2618 perstet.
401 2514 441 2582 sn
459 2517 604 2580 secundo
622 2537 700 2580 vero
716 2518 951 2592 enuntiationis
966 2519 1134 2602 membre,
1151 2519 1292 2586 alterurn

233 2607 288 2685 td,
311 2603 400 2693 quod
419 2605 586 2667 contraria
602 2604 730 2668 ratione
747 2626 817 2667 non
834 2600 968 2695 infringi
992 2604 1132 2685 dicitur,
1162 2607 1215 2671 vcl
1231 2630 1292 2695 op·

143 2759 150 2770 ,
233 2692 372 2780 ponitur
397 2688 608 2775 simpliciter,
646 2689 698 2754 vel
725 2689 764 2754 ab
795 2689 928 2757 adiectis
960 2691 1132 2783 particulis
1163 2705 1293 2777 tamen,

142 2827 144 2834 ·
233 2788 342 2861 certe,
364 2775 454 2858 aliis,
473 2773 765 2844 confirmationem
782 2777 911 2868 recipit.
983 2841 1013 2868 Ι,

180 2957 182 2960 -
262 2959 267 2974 ·
319 2917 541 3000 1.Er1aa1s1‚
570 2917 660 2984 cuius
683 2913 957 3003 significationem
973 2919 1074 2986 verba
1089 2920 1198 2984 etiam
1216 2931 1250 2985 et
1263 2920 1294 2986 si
1373 2979 1374 2986 ,

235 3006 461 3079 constituunt,
482 3013 529 3067 est
540 3025 694 3091 graecum
705 3005 757 3068 καὶ
769 3005 813 3082 εἰ,
835 3007 1064 3092 germanicum
1079 3028 1179 3072 wenta
1196 3009 1292 3089 oracli,

233 3093 300 3156 sive
319 3089 405 3159 oracla
416 3113 534 3164 wenc,
551 3100 655 3178 atque
673 3089 783 3154 differt
799 3090 839 3154 ab
857 3092 921 3154 etsi
931 3103 971 3157 ct
988 3093 1132 3180 graviori
1150 3093 1182 3157 vi
1198 3092 1293 3157 affir-

201 3240 212 3249 ,,
234 3177 392 3241 matianis
409 3187 438 3245 et
455 3175 590 3240 maioris
607 3177 656 3255 rei
679 3176 823 3257 indicio,
842 3177 901 3241 ,ita
926 3187 963 3241 ut
991 3178 1098 3246 etiam
1120 3186 1191 3242 nun
1216 3200 1292 3243 raro
1329 3206 1334 3222 ¹

235 3263 342 3349 accipi
361 3263 465 3348 possit
490 3284 554 3346 pro
579 3260 679 3328 adeo·
730 3263 997 3350 Namunagnum
1021 3275 1078 3328 aut
1099 3275 1293 3328 extremum

160 3371 162 3378 ’
234 3349 437 3416 conceditur.
481 3347 584 3434 Saepe
597 3348 807 3414 tamcuidem
819 3349 939 3415 valcat.
980 3350 1080 3416 Plena
1095 3361 1126 3414 et
1140 3354 1293 3438 exposita

234 3433 458 3499 enuntiatione
480 3433 580 3517 igitur
603 3423 636 3495 id
661 3433 869 3520 designatur,
905 3435 997 3522 quod
1022 3436 1099 3502 adias
1125 3447 1294 3502 contracta

71 3539 77 3550 ’
157 3513 189 3532 ⁶
234 3517 651 3592 orationeuno'vocabulo‘
671 3521 926 3588 etiumvdiciturs
966 3552 971 3560 ,

337 3643 396 3695 cta.
412 3642 446 3693 dc
462 3639 524 3696 Fin.
538 3637 564 3704 3,
580 3639 623 3704 17,
636 3638 680 3696 57.
697 3641 892 3711 atvaurpans
908 3643 998 3694 tiberis
1012 3643 1158 3694 consultum
1172 3643 1292 3717 aelianus,

206 3723 209 3730 ’
299 3725 405 3792 etiamsi
418 3725 533 3796 postumi
539 3726 633 3802 futuri
645 3726 716 3794 siut,
733 3735 842 3796 propter
857 3726 944 3795 ipsos:
967 3729 1003 3780 sic
1015 3731 1130 3793 staturae
1145 3735 1206 3796 post
1221 3744 1293 3778 mor-

300 3819 354 3866 tem
363 3815 461 3877 sumac
475 3819 564 3866 tamea
582 3821 636 3864 csse
652 3805 763 3880 propter
777 3827 848 3876 rem,
874 3813 956 3864 ctiam
971 3815 1090 3867 detracto
1104 3798 1171 3876 asa‘,
1188 3803 1294 3874 'coasu-

254 3931 256 3935 -
300 3897 418 3953 lendum.
468 3897 512 3954 lta
533 3894 607 3952 cuitu
629 3903 672 3950 cst.
694 3895 964 3968 interpungendum,
996 3892 1129 3967 quidquid
1154 3895 1295 3965 disputent

302 3979 394 4038 critici
409 3987 513 4039 contraq
805 3995 808 3998 ·
826 4017 831 4044 ,

258 4117 262 4120 -
311 4087 349 4154 2.
372 4083 534 4148 Particula
552 4093 760 4168 quamquam
775 4082 838 4149 hac
852 4085 981 4151 ratione
997 4081 1119 4166 differt.
1156 4085 1295 4166 Qarcm-

107 4241 111 4254 .
163 4249 167 4256 y
233 4189 340 4258 quarn
355 4169 494 4233 alteram
510 4189 658 4233 caussam
673 4189 748 4236 oum
765 4171 865 4236 attera
881 4193 917 4236 re
933 4169 1101 4235 contraria
1117 4171 1297 4258 componit

234 4274 278 4322 ex
307 4274 431 4345 aequo,
459 4264 499 4372 et
515 4263 690 4344 utramque
711 4256 747 4323 in
771 4279 807 4324 se
829 4256 956 4340 ualere,
984 4278 1047 4348 nec.
1073 4255 1296 4356 rppugnantia
1375 4275 1376 4308 1
