2802 4744
519 407 746 484 GETERVM·
1121 415 1164 480 88

96 597 265 657 tamesae
282 583 430 665 rauseis,
454 603 496 652 an
511 585 547 652 in
560 597 669 678 partes
688 585 868 652 diseretnm
885 583 1025 674 cogites,
1048 603 1157 674 neque

97 679 229 744 inloco
248 677 317 740 Cic.
335 675 370 739 in
395 671 492 737 Verr.
516 676 560 750 4,
585 680 648 756 22,
671 674 725 738 48.
750 669 917 738 coenabat
941 669 1037 758 apud
1060 695 1157 739 eum.-

99 771 289 851 urgentum
312 758 371 844 ille
394 770 542 824 ceterum
561 777 690 846 purum
711 768 931 846 apposuerat.
951 757 1058 822 verbis
1082 759 1171 846 qni-·

101 849 182 914 dem
198 843 420 936 significatur,
443 855 616 931 argentum
636 866 759 933 purum
778 843 967 932 apparuisse
985 843 1021 908 iu
1045 845 1157 912 multis

100 935 199 1000 vasis.
243 931 310 997 Sed
328 952 371 994 ex
384 933 542 996 sententia
559 931 666 996 Beieri
679 931 812 1017 reliqua
828 929 899 994 aito
914 929 1004 1020 apud
1020 927 1157 996 Terent.

99 1014 182 1086 Hee.
199 1022 240 1099 3,
255 1017 295 1098 5,
313 1014 367 1080 10.
389 1019 496 1080 totam
508 1016 671 1102 reliquam
687 1017 771 1081 vitae
787 1022 933 1103 partera,
956 1027 1070 1080 cetera
1085 1017 1158 1079 aito

100 1105 193 1194 apud
210 1105 254 1184 Q.
271 1101 339 1167 Cic.
353 1101 394 1164 de
409 1101 505 1166 Petit.
522 1123 551 1166 1.
568 1107 600 1166 7.’
627 1099 704 1166 alias
722 1103 807 1167 vitae
823 1101 1027 1184 conditiones
1046 1098 1157 1167 diver-

99 1211 155 1257 sas
179 1186 359 1276 signifieat,
381 1193 414 1249 et
431 1189 466 1252 in
483 1188 555 1252 Liv.
572 1193 608 1267 1,
624 1188 685 1260 48,
703 1187 734 1252 5.
756 1207 825 1252 non
844 1184 1003 1252 abhorret
1025 1209 1049 1250 o
1066 1197 1157 1252 eete-

100 1295 144 1344 ro
166 1275 304 1339 scelere.
331 1271 469 1358 intelligi
487 1271 610 1336 debent
631 1272 730 1360 pluro
748 1271 881 1337 seelera.
924 1270 1025 1354 Quod
1045 1271 1085 1336 ad
1103 1273 1158 1336 in-

101 1357 377 1448 terpretationem
404 1379 490 1444 pene
513 1352 687 1424 ridiculam
710 1357 859 1446 perducit
882 1359 1059 1424 verborum
1076 1349 1161 1422 ’vir-

102 1445 166 1545 gil.
182 1448 263 1509 Aen.
279 1450 317 1519 2,
334 1445 407 1507 207.
424 1463 514 1532 pars
530 1456 642 1510 cetera
660 1455 808 1530 pontum
822 1465 916 1530 pone
935 1443 1043 1530 legit,
1064 1439 1160 1529 qnasi

103 1531 352 1616 intelligantur,
374 1545 456 1613 quae
472 1539 588 1616 postea
603 1529 755 1593 dicuntur
771 1529 938 1594 immensa
954 1539 1068 1616 terga.
1099 1528 1159 1592 ld·

102 1636 172 1769 pne
196 1611 330 1681 asterus
353 1612 426 1710 ipse
449 1616 569 1681 sentire
595 1623 750 1764 poterat,
787 1633 908 1713 quum,
942 1615 1030 1702 apud
1050 1613 1158 1680 Tacit.

133 1725 185 1790 gr.
213 1704 264 1766 17.
302 1707 339 1764 ut
363 1721 397 1763 an
422 1711 531 1765 cetero
556 1723 596 1765 ar
617 1723 634 1765 e
658 1699 876 1786 multiplneem
906 1719 979 1764 rem
1010 1698 1159 1781 haberet,
1256 1727 1259 1734 ¹

35 1865 39 1874 Ι
103 1807 141 1865 su
168 1785 332 1886 piendum
350 1805 418 1850 esse
433 1786 613 1874 scripsisset
633 1833 654 1866 „
672 1802 739 1849 una
757 1797 837 1849 'enm
858 1785 994 1872 reliquis
1018 1785 1159 1850 terris.“
1192 1831 1196 1846 .

106 1810 201 1939 Nilia
212 1893 293 1938 vero
307 1869 412 1960 magis
428 1873 574 1958 coarguit
588 1891 739 1937 errorem
749 1872 811 1935 viri
826 1869 914 1935 daoti
925 1892 1025 1958 quam
1041 1873 1158 1936 adver·

105 1961 202 2027 bium
229 1967 395 2035 aetenam,
416 1956 450 2022 in
470 1977 556 2044 qno,
577 1957 605 2022 si
628 1973 745 2023 verum
764 1965 849 2022 esset
872 1945 954 2022 illud
976 1957 1158 2058 decretum²

108 2043 251 2130 intelligi
270 2039 425 2130 deberent
449 2043 593 2130 singulae
618 2043 698 2108 uliae
720 2063 773 2106 res
795 2053 851 2118 aut
873 2050 993 2128 partes.
1037 2045 1079 2108 At
1100 2043 1159 2110 tall

74 2151 78 2160 ’
108 2130 289 2196 subtilitate
304 2148 372 2190 non
391 2147 474 2214 opus
487 2127 645 2193 habemns
662 2129 698 2194 in
722 2125 958 2213 distinguendis
983 2127 1034 2192 his
1061 2151 1158 2194 voca-

106 2215 206 2288 bulis,
227 2213 374 2300 qnor'um
390 2223 539 2279 naturam
556 2211 625 2302 ipsa
641 2216 736 2302 origo
752 2213 860 2278 docet.
886 2211 1053 2280 »Ceteram
1068 2216 1159 2280 enim

108 2302 142 2368 id
159 2301 301 2380 dicitur,
323 2297 413 2385 quod
432 2297 568 2363 alterum
587 2300 772 2388 opponitur
788 2298 880 2364 alteri
895 2299 959 2378 rei,
986 2299 1053 2364 sive
1092 2299 1160 2364 uod

113 2387 289 2462 adhaeret,
311 2382 361 2447 vel
377 2383 525 2464 additur,
546 2384 597 2448 vel
617 2383 692 2448 addi
706 2393 816 2471 potest
834 2384 947 2461 alteri,
970 2401 1052 2468 quas
1068 2320 1160 2448 dieta

112 2481 171 2553 est,
188 2469 250 2549 rei,
264 2475 432 2554 tamquam
441 2489 517 2555 pars
524 2463 905 2552 neeessarias‘reliqnnm
925 2475 1036 2530 antem
1053 2469 1160 2550 estid,

110 2555 206 2646 quod
221 2551 420 2639 relinquitur
435 2562 468 2617 et
483 2558 641 2638 superest.
685 2547 724 2614 ld
740 2541 824 2614 bene
839 2549 1045 2638 perspexisse
1062 2551 1159 2616 video
1210 2609 1214 2618 .

113 2653 149 2707 et
171 2637 370 2705 Doelekinm
395 2636 430 2699 in
454 2637 638 2714 Grammat.
659 2659 694 2726 p.
713 2638 785 2700 188.
808 2643 841 2701 et
864 2633 1101 2700 Doederlinnm
1126 2637 1162 2702 in

111 2718 322 2814 synonjtat.
351 2718 424 2788 Vol.
449 2726 478 2788 1.
507 2745 541 2809 p.
568 2726 640 2788 185.
669 2721 796 2786 etiarnsi
823 2743 891 2787 non
918 2743 957 2789 eo
976 2721 1161 2809 procedam

111 2835 189 2878 eum
217 2809 282 2874 hoo
307 2809 380 2874 viro
404 2807 553 2885 erudito,
584 2818 620 2873 ut
646 2813 802 2883 ceterum,
824 2813 876 2874 ‘ex
901 2803 1002 2894 torpor
1023 2805 1161 2886 laetum,

110 2897 279 2988 appellem
293 2901 452 2958 mutatam
468 2891 615 2960 formam
630 2892 720 2959 verbi
735 2891 840 2974 alter,
867 2892 957 2982 quod
973 2915 1050 2967 eum
1073 2891 1163 2972 ἄλλος

111 2983 348 3070 cognationem
369 2979 490 3044 habere
508 2997 609 3044 nemo
631 2975 772 3067 negabit.
803 2977 867 3058 ¹En
886 2973 937 3045 his
956 2999 1036 3046 vero
1059 2990 1163 3069 patet,

110 3091 179 3158 quo
208 3063 300 3133 facili
327 3065 431 3130 modo
454 3075 568 3132 cetero
592 3063 779 3152 etreliqua
803 3065 890 3129 inter
920 3087 956 3130 se
979 3065 1163 3154 permutari

109 3156 259 3244 possint,
273 3159 383 3237 quum
408 3150 558 3216 eamdem
580 3173 652 3215 rem
674 3161 705 3214 et
729 3156 807 3213 cum
827 3149 912 3214 dieta
930 3173 967 3215 re
985 3151 1163 3216 cohaerere
1248 3215 1252 3238 ἴ

111 3252 167 3308 aut
190 3237 231 3303 ad
249 3259 323 3301 eam
337 3231 454 3300 referri
472 3247 644 3322 putemus,
666 3242 698 3300 et
713 3257 863 3300 seorsum
884 3244 1031 3324 spectare
1054 3238 1163 3302 autin

110 3324 351 3421 serelinquere
369 3325 442 3386 eain
456 3322 635 3421 possimus.
679 3319 777 3386 Conf.
797 3319 928 3388 Sallust.
958 3320 1030 3386 Cat.
1056 3325 1163 3404 59‚2.

110 3421 143 3477 et
158 3412 190 3476 5.
211 3410 269 3474 ubr
286 3407 419 3494 reliqua
435 3430 541 3494 sagea
556 3416 650 3490 sunt,
671 3426 754 3493 quae
769 3405 881 3494 paullo
913 3416 993 3494 post
1014 3417 1164 3474 cetarum

110 3495 298 3562 exereitum
321 3493 485 3558 dicuntur.
731 3527 733 3532 ·
774 3537 776 3542 ,

147 3622 151 3630 '
218 3625 293 3702 Quid
317 3633 371 3687 sibi
391 3629 510 3686 voluerit
534 3627 732 3698 Groteiendus,
759 3625 807 3700 qui
829 3626 860 3681 in
883 3599 1036 3686 1111111111.
1063 3629 1163 3688 1111.

133 3719 140 3734 ’
178 3717 285 3792 plut.
306 3715 385 3771 deteri
407 3713 441 3771 ab
464 3707 522 3772 ἐκεῖ
542 3711 730 3770 deducendum
751 3713 906 3781 existimat,
926 3727 978 3785 ego
1004 3729 1058 3770 non
1074 3717 1165 3788 magis
1262 3793 1264 3801 Ι

180 3801 323 3876 perspicio
338 3813 421 3870 qnam
433 3803 622 3855 Doederlinus.
1167 3829 1172 3838 ·

226 3903 287 3957 Viri
302 3903 380 3960 Ι111111
401 3905 431 3958 in
456 3906 498 3959 rei
514 3903 743 3959 demonstratione
767 3900 900 3974 adbibere
921 3901 1060 3978 debebant
1079 3906 1165 3974 looos,

180 3985 211 4040 in
228 3988 326 4063 quibus
342 3991 478 4060 voeabula
491 3991 542 4044 itta
555 4007 611 4044 non
624 3989 765 4044 commode
781 3995 891 4058 possent
905 3990 1084 4058 commutari,
1105 3991 1165 4044 vel-

180 4072 225 4148 uti
242 4072 303 4126 niv.
320 4073 370 4140 21,
386 4073 438 4140 20,
454 4073 480 4128 6.
500 4083 593 4130 eontra
610 4093 642 4129 ea
656 4076 750 4130 audire
765 4081 835 4140 1111,
854 4073 945 4146 gentis
963 4092 1027 4128 suno
1049 4077 1166 4130 1111ιί111

181 4159 262 4228 agris
287 4160 441 4230 finibusque
468 4161 565 4214 ltaliae
584 4157 649 4231 pelli
661 4179 680 4214 a
702 4161 801 4230 popolo
826 4175 935 4215 romano
958 4161 1166 4230 stipendiumque

164 4243 300 4392 lpoodsro
312 4248 338 4302 a
354 4243 571 4318 eetouiudigoo
582 4244 651 4316 pati.
670 4243 690 4298 1.
709 4260 733 4299 1.
749 4242 867 4318 elinque.
892 4243 951 4304 cie.
966 4239 1001 4300 de
1020 4245 1083 4302 Nat.
1100 4245 1165 4310 112,
