2782 4730
258 398 323 466 aea
390 457 403 474 „
740 383 811 453 EX·

329 565 363 604 erc
383 543 466 600 tantia
487 541 579 614 cpttaa
599 545 724 612 caperrat.
778 539 881 596 Auctor
903 535 979 592 Belli
999 535 1108 606 hispan.
1130 536 1175 596 93.
1206 557 1255 598 aar
1277 558 1311 596 a

328 631 429 703 praelia
442 645 540 699 paucae
554 644 695 697 capererur.
845 653 847 658 .
1008 639 1011 646 ·

345 753 400 812 25.
423 745 504 808 Loci
519 743 655 810 notione
670 765 723 808 res
745 741 888 830 agendae
910 739 1256 827 comprehenduntur,
1281 755 1313 808 et

266 833 354 900 exire
371 833 526 896 dicuntur
548 830 646 894 etiam
663 851 719 909 ea,
741 849 823 913 quae
841 837 970 890 tantum
986 826 1139 890 videntur
1158 827 1311 891 alicunde

266 919 367 998 exire,
380 916 459 980 dum
469 915 539 1001 ipsa
549 923 718 1001 apparent,
730 924 762 976 et
772 923 902 999 agentes
910 912 944 975 in
953 911 1028 975 loco
1038 923 1183 975 manent.
1201 913 1315 993 Quare

266 1005 329 1068 hac
352 999 601 1100 praepositione
625 1001 812 1086 designatur
834 1007 939 1077 notro,
968 1018 1052 1082 quae
1067 993 1216 1061 alicunde
1231 1021 1313 1084 pro-

267 1089 423 1152 ficiscitur
449 1095 504 1148 aut
527 1086 559 1148 in
592 1086 754 1172 aliquare
776 1082 1030 1148 fundamentum
1061 1092 1159 1168 atque
1182 1083 1314 1148 initium

267 1173 377 1238 habet.
425 1169 564 1232 ld·vero
586 1192 683 1257 saepe
707 1189 775 1232 non
809 1168 900 1232 locus
927 1175 993 1245 est,
1028 1167 1084 1231 aed
1109 1166 1257 1234 conditio
1285 1181 1316 1232 et

269 1269 370 1322 statua
387 1254 565 1340 agentium.
607 1257 650 1322 Et
667 1263 839 1342 ponuntur
857 1251 1019 1316 neutralia
1034 1252 1134 1318 verba
1150 1252 1316 1335 derebus,

265 1365 354 1434 quae
370 1361 473 1429 quum
489 1339 640 1404 effectum
655 1339 817 1418 habeant,
837 1359 855 1401 e
870 1356 931 1400 suo
946 1335 1021 1400 loco
1039 1359 1134 1422 agere
1150 1338 1315 1404 videntur.

373 1459 478 1514 Ennius
493 1458 565 1526 apud
582 1458 639 1512 Cic.
656 1455 875 1521 Tusc.3,1tt,tt.
894 1456 1032 1524 coropitae
1045 1445 1153 1508 mama
1163 1459 1316 1527 opieegeac,

340 1544 456 1608 Hector,
481 1549 551 1596 tuae.
569 1542 588 1596 i.
606 1561 630 1595 c.
657 1540 844 1611 praesentibus
867 1540 964 1607 apibus
984 1539 1104 1592 summis.
1140 1539 1233 1594 Tacit.
1250 1543 1318 1593 Ana.

340 1629 385 1694 13,
405 1627 448 1681 46.
473 1627 519 1678 aar·
532 1645 611 1695 arque
633 1629 669 1679 ad
691 1627 780 1678 cicilia
795 1642 872 1677 arma
888 1641 942 1676 aaa
961 1621 1002 1676 ex*
1012 1625 1102 1692 priore
1114 1624 1248 1691 iufamia,
1277 1627 1320 1676 aad

340 1715 446 1783 integre
470 1717 607 1780 coactaque
635 1711 700 1780 egit.
732 1725 897 1778 quamquam
920 1709 949 1762 ia
974 1707 1029 1765 alia
1052 1708 1134 1762 moda
1161 1714 1254 1776 pateat
1275 1726 1320 1762 ex-

338 1795 450 1865 plicari.

377 1899 504 1966 Propert.
516 1893 543 1960 3,
555 1893 582 1959 3,
596 1893 638 1947 13.
655 1913 733 1964 quarn
748 1911 788 1948 aaa
804 1896 917 1949 castalia
931 1897 1069 1965 speculam
1082 1913 1115 1949 ex
1132 1897 1322 1950 arborePlace·

344 1985 391 2036 aaa
405 1983 442 2035 aio
457 1983 513 2045 ait,
532 1987 630 2032 aurata
647 1980 727 2030 aiace
744 1979 782 2030 ad
798 1982 879 2032 antra
894 1982 962 2048 lyra.
997 1979 1029 2032 ld
1045 1999 1099 2032 non
1116 1985 1157 2032 eet
1170 1981 1201 2032 ira
1217 1983 1322 2044 arbore,

344 2066 392 2120 scd
405 2065 477 2117 inter
492 2065 620 2128 arborea,
640 2063 714 2133 quod
726 2079 775 2118 noa
790 2063 904 2116 dicimur
920 2083 968 2118 aaa
982 2067 1032 2119 dea
1045 2068 1167 2118 atamen
1174 2081 1231 2132 pro
1242 2067 1324 2120 clarck

344 2152 388 2204 ate
401 2151 511 2202 Baiurae.

361 2267 415 2331 24.
441 2265 485 2329 Et
503 2265 622 2337 dicitur
644 2264 759 2350 aliquis
779 2287 872 2352 agere
889 2287 931 2330 ex
953 2266 1061 2352 aliquo
1079 2261 1182 2342 loeo,
1215 2268 1276 2352 qui
1296 2269 1324 2331 in

183 2392 186 2398 ,
278 2353 387 2437 aliquo
411 2351 485 2414 loco
511 2359 674 2427 versatus,
710 2349 760 2414 vel
782 2351 817 2414 in
840 2350 946 2500 aligua
972 2350 1047 2414 sede
1073 2351 1258 2415 collocatus
1288 2354 1323 2415 ad

277 2437 379 2501 alium
395 2437 506 2500 locum
524 2435 650 2522 agendo
673 2457 707 2498 se
728 2436 836 2497 vertit.
910 2438 1036 2500 ermani
1060 2437 1171 2499 dicunt
1192 2460 1259 2500 von
1277 2461 1325 2501 wo

277 2543 364 2584 aaa:
388 2522 502 2584 Graeci
517 2523 567 2585 ln.-
585 2521 636 2584 vd.
652 2517 811 2582 Matthiae
821 2521 1014 2606 Gramm.p.
1027 2527 1120 2585 1132.
1145 2523 1323 2606 Explicaat

279 2606 482 2691 grammatici
511 2604 612 2669 verbo
636 2605 684 2668 in.
713 2604 767 2668 vd.
798 2605 892 2669 Cort.
915 2607 955 2671 ad
979 2606 1047 2670 Cic.
1070 2606 1175 2692 Epist.
1193 2612 1227 2688 7,
1249 2614 1279 2686 1,
1298 2613 1325 2671 3.

280 2693 435 2754 Arntzen.
465 2687 505 2753 ad
526 2689 636 2753 Aurel.
661 2689 745 2753 Vict.
774 2713 809 2777 p.
834 2691 909 2778 519.
957 2691 1151 2756 Praesertim
1180 2713 1264 2757 vero
1291 2693 1325 2755 de

279 2774 363 2838 locis
377 2774 601 2862 superioribus
618 2785 804 2861 usurpatur.

383 2893 486 2944 Ennius
509 2893 580 2961 apurl
601 2893 719 2946 Nonium
743 2909 769 2946 r.
797 2894 951 2963 derepentea
986 2895 1025 2946 iti
1052 2901 1109 2946 tam
1130 2893 1277 2964 derepente
1301 2915 1328 2949 ea

350 2977 406 3030 alta
423 2979 452 3029 a'a
471 2979 554 3029 altam
570 2979 686 3046 desperit
701 2995 782 3031 mare.
819 2980 896 3031 Caes.
912 2979 945 3030 B.
962 2979 1028 3046 gall.
1039 2978 1065 3042 2,
1081 2977 1122 3031 13.
1139 2983 1222 3046 pueri
1237 2985 1328 3034 naalia

350 3077 440 3128 reaque
454 3077 487 3112 ex
502 3077 576 3112 mura
596 3061 682 3130 poesia
701 3063 823 3115 manibus
838 3079 884 3116 auo
899 3079 970 3114 mare
981 3080 1073 3130 pacem
1087 3065 1122 3115 ab
1136 3065 1273 3117 Romanis
1289 3085 1329 3134 pe

351 3145 458 3197 tierent.
474 3143 500 3209 1,
508 3142 550 3196 ll.
568 3144 722 3210 Ariovistus,
738 3165 771 3199 ex
779 3148 850 3216 aquia
858 3154 888 3198 ot
897 3148 1111 3215 colloquerentur,
1122 3175 1157 3185 -
1173 3151 1329 3214 postularit.

350 3227 423 3280 Plia.
438 3227 510 3282 Hist.
524 3227 590 3293 Μ,
606 3227 649 3293 56,
663 3228 705 3282 57.
731 3247 856 3301 pugnare
870 3221 989 3299 er'acqao.
1019 3231 1098 3284 Gaea.
1113 3232 1147 3284 B.
1163 3229 1234 3300 gell.
1250 3233 1280 3298 2,
1292 3234 1329 3286 21.
1369 3259 1370 3268 ¹

309 3325 312 3332 ’
353 3311 383 3364 Τ.
393 3313 524 3365 Labicana
536 3341 570 3351 -
585 3329 618 3365 ex
632 3315 686 3365 laco
699 3317 845 3384 superiore,
861 3333 928 3385 quae
941 3317 1021 3367 reaia
1036 3316 1238 3368 aaatriacaatria
1255 3335 1329 3387 gerc-

350 3401 461 3460 rerrtar,
474 3398 644 3464 amrapicatue.
664 3399 690 3462 2,
708 3398 754 3451 at.
776 3400 887 3453 (liclia
908 3399 986 3452 Verr.
1006 3397 1033 3467 5,
1054 3397 1098 3464 ut,
1118 3397 1178 3452 169.
1204 3417 1238 3453 ea
1263 3419 1331 3454 crare

352 3478 460 3530 Italiam
475 3496 586 3532 cernere.
612 3481 763 3537 Priantae.
779 3501 806 3537 n.
822 3463 847 3550 l,
862 3483 905 3550 56,
920 3483 963 3538 57.
981 3492 1062 3538 autea
1076 3501 1110 3536 ex
1121 3500 1210 3551 praru
1224 3491 1330 3538 tantum

351 3567 378 3613 ct
389 3565 474 3631 pappi
486 3566 669 3633 pugnabatur.
698 3567 800 3620 Lucan.
815 3568 841 3632 9,
856 3567 916 3622 657.
935 3571 1078 3638 bellumque
1092 3567 1209 3620 immane
1225 3570 1332 3623 dmm

353 3645 479 3699 Pallados
494 3649 606 3700 emedio
622 3653 733 3717 confecit
746 3661 851 3721 pectora
866 3653 985 3724 Gargara.

387 3747 448 3801 Lir.
462 3748 506 3813 29,
520 3750 562 3814 19,
579 3749 604 3803 5.
623 3752 779 3806 Pleminium
797 3756 915 3824 legatam
930 3757 1045 3810 cinctam
1064 3755 1178 3809 Romam
1195 3757 1334 3826 ἆφοηατὲ
1369 3775 1370 3804 l

283 3835 287 3840 '
351 3831 457 3899 plaeere
470 3843 496 3886 et
510 3853 543 3886 ex
559 3837 669 3889 vinculis
684 3855 802 3891 causeam
816 3839 910 3892 dicere.
946 3841 1024 3894 Caes.
1040 3839 1074 3895 B.
1090 3842 1158 3908 gall.
1175 3841 1204 3906 1,
1218 3840 1247 3895 4.

390 3933 448 3986 cic.
473 3937 507 3988 ad
531 3938 647 4004 Fami,
664 3939 689 4004 1,
705 3939 731 3993 3.
764 3957 845 4009 neque
865 3950 955 3996 tamea
973 3943 1079 4007 dubito,
1107 3943 1171 4011 quia
1192 3949 1222 3995 ta
1240 3961 1279 3996 ex
1293 3945 1335 3994 aaa

354 4017 470 4070 cubiculo
479 4027 538 4084 tuo,
558 4039 591 4076 aa
601 4041 650 4090 qua
663 4025 713 4076 tior·
728 4025 885 4078 Stabianum
897 4027 1043 4096 perforasti
1057 4033 1082 4078 et
1094 4027 1250 4094 patefecisti
1259 4029 1336 4080 Seia-

355 4116 426 4165 aum,
440 4119 489 4171 per
503 4121 544 4156 eoa
560 4108 615 4158 aliea
629 4109 761 4161 matutina
777 4116 895 4178 temporo
909 4112 1069 4162 lectiunculis
1083 4114 1270 4164 coarctareris.
1290 4111 1335 4163 ulri

352 4183 469 4238 cornua
483 4186 560 4254 218,
575 4190 616 4244 19.
642 4209 675 4248 ex
690 4212 742 4264 qua
751 4195 853 4264 (villa)
871 4197 926 4262 tara
941 4194 1079 4277 audieram
1092 4195 1239 4262 fremitum
1256 4197 1336 4247 ellea-
