2782 4730
264 403 331 465 628
736 387 808 455 EX.

338 545 512 617 sansagus
528 543 562 596 B.
573 541 724 612 gall-m.
741 547 775 596 tn
787 542 883 596 itinere
897 542 1001 596 danem
1015 550 1187 598 reuerterunt.
1204 544 1224 599 l.
1240 561 1266 601 a.
1284 545 1315 598 in

336 633 427 688 media
441 631 549 684 itinero.
600 666 602 674 r

257 759 260 766 ·
370 737 432 790 Liv.
443 733 491 796 ab,
505 732 532 797 l,
545 731 572 784 1.
597 729 754 784 Hasdrubal
773 730 888 798 sejuga
907 747 964 782 mm
975 731 1068 799 paneis
1080 733 1209 797 Afrorum
1223 732 1317 784 urbem

334 822 485 894 proximam
506 817 628 887 petierat.
662 813 705 877 28,
726 811 768 877 23,
786 812 812 866 l.
840 815 924 884 Maga
944 815 982 867 ibi
1002 818 1131 886 refuga
1150 816 1315 868 substiterat.

336 909 415 960 Caes.
428 906 463 957 B.
478 902 545 971 gall.
559 898 586 965 6,
602 897 645 952 35.
667 899 768 967 primos
784 899 937 952 Eburonum
947 901 1019 967 fines
1035 899 1150 965 adeunt,
1168 901 1265 952 multos
1281 918 1316 951 ex

331 995 407 1061 suga
428 989 556 1056 dispersas
577 985 719 1052 excipiunt.
751 981 799 1034 ubi
815 982 972 1052 Herzogius
988 983 1107 1052 explieat
1124 985 1154 1036 in
1168 984 1253 1053 Fulge
1268 985 1317 1036 der

336 1075 438 1127 lluelst.
475 1069 542 1138 Quis
566 1073 632 1122 varo
657 1069 696 1121 its
718 1067 861 1136 nquinat
885 1067 912 1133 i,
932 1067 974 1120 28.
1002 1087 1065 1137 quos
1087 1069 1132 1121 ille
1152 1069 1238 1121 multa
1259 1069 1316 1122 iam

337 1167 411 1212 nacte
425 1156 527 1209 silentio
540 1173 573 1207 ex
584 1157 659 1224 fuga
674 1152 783 1220 excepit.
816 1152 877 1204 Liv.
891 1151 917 1216 6,
934 1152 977 1216 29,
996 1151 1021 1204 l.
1047 1154 1085 1205 ibi
1100 1157 1220 1222 exfaga
1235 1154 1316 1205 dissi-

335 1245 396 1314 pati
411 1245 493 1294 lorum
503 1241 619 1309 rapiunt.
655 1240 696 1290 Gi.
710 1237 744 1288 de
757 1236 818 1290 loeo
835 1241 961 1316 corrupto
973 1235 1033 1289 Isis.
1042 1235 1171 1303 tutat.
1190 1237 1313 1290 Gronov.

338 1337 367 1382 st
383 1325 521 1380 Drakenb.

372 1429 480 1482 Coraci.
502 1428 583 1496 Ager.
601 1423 626 1490 4,
649 1423 675 1478 li.
709 1443 786 1493 qurum
809 1425 925 1493 plerique
945 1426 1069 1494 exsuge
1088 1441 1116 1476 se
1135 1425 1165 1476 in
1186 1426 1315 1496 templum

335 1515 472 1568 Mineruae
492 1511 663 1562 coniecissent.
708 1511 864 1562 Giintherns
893 1508 1040 1577 explicuit:
1068 1509 1162 1561 statim
1185 1515 1249 1577 past
1272 1511 1315 1561 in-

335 1616 410 1670 gam.
443 1598 480 1650 At
501 1593 530 1645 in
550 1594 680 1662 templum
699 1611 727 1645 ee
742 1594 924 1646 coniiciebant
940 1609 973 1644 ox
989 1594 1073 1661 tuga,
1094 1594 1123 1645 in
1144 1610 1197 1661 qna
1224 1600 1315 1646 erant.

335 1683 383 1737 sic
407 1681 517 1734 Sallust.
542 1667 664 1746 lupus,
688 1676 713 1730 l.
738 1685 847 1752 praeter
869 1679 956 1748 regias
974 1681 1071 1747 equites
1090 1695 1165 1730 nemo
1195 1680 1315 1731 amnium

334 1767 510 1821 Numidarum
523 1766 642 1833 exsuge
657 1779 746 1833 regern
761 1763 886 1831 sequitur.
923 1761 1002 1828 Quod
1012 1767 1062 1828 est,
1080 1762 1104 1815 si
1114 1779 1175 1815 rem
1191 1770 1313 1832 spectas,

333 1853 362 1932 u
370 1853 461 1920 saga,
474 1849 596 1918 sagena

350 1971 401 2032 26.
424 1964 462 2029 In
479 1965 591 2030 multis
613 1963 701 2044 aliis,
722 1963 895 2050 inquibus
918 1989 958 2030 ex
981 1964 1067 2028 vices
1089 1967 1314 2113 praepositio-

267 2073 351 2116 num
368 2050 411 2116 al>
429 2061 461 2116 et
476 2050 518 2138 de
533 2050 691 2114 sustinere
706 2051 852 2128 videtur,
879 2072 917 2114 eo
934 2051 1037 2136 magis
1055 2073 1153 2114 caven
1181 2073 1239 2114 um
1253 2067 1313 2130 est,

268 2160 310 2202 ne
336 2139 481 2201 rationes
505 2134 762 2213 confundamus,
808 2156 873 2198 neu
901 2145 993 2199 extra
1018 2133 1117 2214 fines,
1159 2137 1217 2222 qui
1238 2139 1311 2200 usui

292 2223 461 2308 rosseripti
484 2232 577 2299 siunt,
605 2221 816 2302 excedamus,
847 2241 914 2307 quo
936 2220 1042 2284 maior
1064 2233 1112 2284 est
1133 2223 1224 2286 inter
1242 2223 1312 2310 ipsa

266 2245 347 2372 liuec
370 2307 525 2372 vocabula
550 2307 741 2371 similitudo.

263 2467 266 2474 .
367 2428 468 2480 Lucan.
484 2425 510 2492 8,
528 2413 589 2480 5³92
607 2443 728 2491 remane,
747 2425 889 2478 temeraria
903 2425 1013 2490 coniux,
1032 2431 1057 2477 et
1073 2431 1102 2476 tu
1113 2432 1192 2490 nate,
1207 2443 1309 2494 precor,

333 2514 460 2582 longeque
486 2529 504 2564 a
530 2511 606 2562 litore
636 2527 711 2561 casus
739 2517 886 2578 exspectate
918 2526 996 2561 meos.
1040 2509 1148 2560 Cottius
1182 2510 1310 2561 codicum

331 2594 493 2662 scripturum
509 2613 522 2648 a
539 2596 614 2646 litore
628 2592 764 2657 restituit,
786 2593 863 2662 quasi
878 2599 949 2646 esset
965 2585 1060 2644 idom.'
1080 2593 1116 2644 At
1132 2593 1187 2644 hac
1202 2592 1308 2646 indicat

332 2686 405 2736 staro
429 2682 629 2745 exspectantem
649 2676 677 2728 in
700 2677 797 2741 litore,
821 2677 889 2732 illud
912 2684 1003 2730 antem
1024 2693 1087 2728 enm
1109 2681 1157 2728 ant
1185 2665 1310 2745 longus

330 2763 412 2816 litore
425 2768 557 2814 remotum
572 2771 836 2830 exspectaremus,
856 2767 904 2816 ant
920 2767 1077 2830 exspectare
1092 2775 1171 2812 cesus
1187 2777 1206 2814 n
1218 2761 1310 2816 litoris

330 2852 408 2914 parte
425 2853 594 2914 apparentes.
910 2901 912 2908 ,
997 2879 999 2886 -

366 2947 423 3000 Cic.
439 2948 473 3000 do
490 2948 544 3001 off.
560 2947 585 3011 1,
600 2945 643 3012 30,
658 2946 717 3000 1⁰9.
742 2948 787 3016 qui
800 2947 868 3000 nibil
884 2964 917 3000 επ
931 2949 1044 3013 canella,
1068 2948 1137 3000 nibil
1152 2947 1186 3000 de
1201 2949 1310 3002 insidiis

331 3033 465 3101 agendum
483 3040 590 3101 putant.
624 3033 739 3086 Bcicrns
759 3035 791 3085 de
812 3033 916 3086 insidiis
937 3031 1011 3084 idem
1034 3049 1093 3104 esse
1115 3039 1210 3084 censet
1224 3040 1309 3100 atque

328 3130 361 3168 ex
379 3117 490 3168 insidiis.
525 3115 604 3184 Quod
625 3123 652 3168 et
668 3116 774 3171 rationi
796 3123 824 3170 et
843 3115 1031 3188 consuetudini
1052 3123 1199 3187 repugnat.
1233 3117 1309 3171 Illud

329 3198 402 3260 caim
419 3207 459 3254 est
472 3219 521 3273 per
535 3202 656 3256 insidias.
711 3209 714 3214 '

341 3325 395 3387 27.
421 3321 566 3402 Eodem,
598 3343 697 3408 quem
714 3322 874 3410 explicui,
900 3323 1004 3388 modo
1023 3321 1129 3387 factae
1146 3333 1229 3388 sunt
1246 3347 1307 3412 per

261 3407 490 3495 metaphoram
504 3407 688 3487 formulae,
719 3408 837 3492 quibus
854 3430 958 3495 quum
972 3407 1191 3496 significetur,
1214 3411 1306 3475 unde
1368 3483 1369 3492 ,

260 3491 411 3578 prolecta
428 3494 469 3556 sit
487 3495 588 3574 actio,
622 3492 720 3556 simul
743 3495 862 3558 modus
878 3495 978 3583 ipsius
994 3489 1128 3558 actionis
1146 3494 1305 3580 designa·
1368 3495 1369 3519 ¹

259 3588 332 3642 tur:
363 3602 403 3644 ex
425 3578 560 3657 animo,
591 3600 631 3640 en
651 3580 834 3643 sententia.
894 3580 986 3658 Quae
1009 3579 1108 3644 etiam
1128 3583 1305 3666 praeposi·

259 3663 350 3727 tione
391 3662 433 3726 de
470 3661 670 3727 formantur.
730 3663 800 3727 Nos
832 3665 989 3730 Germani
1026 3664 1304 3749 interpretatione

259 3747 487 3834 distinguimus
512 3749 675 3834 originem
701 3758 732 3812 et
757 3747 914 3825 modam,
944 3750 983 3814 de
1007 3769 1075 3833 quo
1098 3748 1164 3814 vid.
1189 3748 1250 3814 1v.
1272 3756 1302 3815 6.

257 3831 465 3898 Recentiores
482 3835 660 3920 scriptores
676 3835 773 3898 etiam
789 3831 974 3918 simplicem
994 3833 1172 3898 ablativum
1182 3837 1302 3900 animo

192 3993 209 4021 Ι
257 3928 396 4025 ponunt.
425 3919 540 4023 Vellei.
556 3922 623 3992 Pat.
644 3925 676 3999 2,
698 3920 751 3999 48,
770 3923 801 3982 2.
834 3919 950 3984 Graeci
974 3921 1006 3985 in
1027 3924 1148 4002 θυμοῦ,
1173 3922 1208 3986 lu
1226 3946 1300 3986 nou-

257 4027 309 4078 rac
328 4027 382 4068 roa
408 4028 473 4067 vau.

354 4123 400 4173 lla
424 4124 513 4174 anima
534 4128 562 4174 et
583 4120 726 4190 opponitur
748 4120 930 4184 simulationi,
956 4126 985 4174 et
1004 4121 1141 4190 signifieat
1163 4125 1250 4178 studii
1272 4132 1298 4180 et

319 4205 465 4260 voluntatis
487 4207 543 4259 vim
568 4214 596 4261 et
618 4206 814 4264 amoenitatem.
848 4203 1150 4272 cintreiacum.
1178 4211 1299 4280 equidem
