<?xml version="1.0" encoding="UTF-8"?>
<!DOCTYPE html PUBLIC "-//W3C//DTD XHTML 1.0 Transitional//EN"
    "http://www.w3.org/TR/xhtml1/DTD/xhtml1-transitional.dtd">
<html xmlns="http://www.w3.org/1999/xhtml" xml:lang="en" lang="en">
 <head>
  <title>
</title>
<meta http-equiv="Content-Type" content="text/html;charset=utf-8" />
  <meta name='ocr-system' content='tesseract 3.04.00' />
  <meta name='ocr-capabilities' content='ocr_page ocr_carea ocr_par ocr_line ocrx_word'/>
</head>
<body>
  <div class='ocr_page' id='page_1' title='image "./ferdinandihandi02handgoog_0535.png"; bbox 0 0 2802 4732; ppageno 0'>
   <div class='ocr_carea' id='block_1_1' title="bbox 81 339 806 452">
    <p class='ocr_par' dir='ltr' id='par_1_1' title="bbox 81 339 806 452">
     <span class='ocr_line' id='line_1_1' title="bbox 81 339 806 452; baseline -0.01 -15"><span class='ocrx_word' id='word_1_1' title='bbox 81 393 123 438; x_wconf 85' lang='grc'><strong>-,</strong></span> <span class='ocrx_word' id='word_1_2' title='bbox 192 339 316 449; x_wconf 74' lang='lat' dir='ltr'><strong>,sei</strong></span> <span class='ocrx_word' id='word_1_3' title='bbox 469 409 471 415; x_wconf 66' lang='lat'><strong>,</strong></span> <span class='ocrx_word' id='word_1_4' title='bbox 732 363 806 452; x_wconf 75' lang='lat' dir='ltr'><strong>ss.</strong></span> 
     </span>
    </p>
   </div>
   <div class='ocr_carea' id='block_1_2' title="bbox 244 508 1379 3389">
    <p class='ocr_par' dir='ltr' id='par_1_2' title="bbox 244 508 1379 3389">
     <span class='ocr_line' id='line_1_2' title="bbox 312 508 1304 590; baseline 0.005 -17"><span class='ocrx_word' id='word_1_5' title='bbox 312 519 375 586; x_wconf 61' lang='lat'><strong>50⁶,</strong></span> <span class='ocrx_word' id='word_1_6' title='bbox 383 517 427 574; x_wconf 79' lang='lat'><strong>15.</strong></span> <span class='ocrx_word' id='word_1_7' title='bbox 446 515 561 589; x_wconf 74' lang='lat' dir='ltr'><strong>engiritie</strong></span> <span class='ocrx_word' id='word_1_8' title='bbox 569 522 658 572; x_wconf 77' lang='lat' dir='ltr'><strong>aedem</strong></span> <span class='ocrx_word' id='word_1_9' title='bbox 667 533 756 572; x_wconf 85' lang='lat' dir='ltr'><strong>rerum</strong></span> <span class='ocrx_word' id='word_1_10' title='bbox 762 519 868 587; x_wconf 82' lang='lat' dir='ltr'><strong>finibus</strong></span> <span class='ocrx_word' id='word_1_11' title='bbox 876 535 955 588; x_wconf 55' lang='lat' dir='ltr'><strong>marn</strong></span> <span class='ocrx_word' id='word_1_12' title='bbox 962 517 1135 590; x_wconf 82' lang='lat' dir='ltr'><strong>intelligitur,</strong></span> <span class='ocrx_word' id='word_1_13' title='bbox 1152 508 1266 590; x_wconf 61' lang='lat' dir='ltr'><strong>comsit</strong></span> <span class='ocrx_word' id='word_1_14' title='bbox 1279 532 1304 578; x_wconf 91' lang='lat' dir='ltr'><strong>et</strong></span> 
     </span>
     <span class='ocr_line' id='line_1_3' title="bbox 314 603 1303 674; baseline 0.001 -13"><span class='ocrx_word' id='word_1_15' title='bbox 314 611 442 662; x_wconf 80' lang='lat' dir='ltr'><strong>bonorum</strong></span> <span class='ocrx_word' id='word_1_16' title='bbox 449 612 592 674; x_wconf 69' lang='lat' dir='ltr'><strong>extrenum</strong></span> <span class='ocrx_word' id='word_1_17' title='bbox 600 611 626 656; x_wconf 90' lang='lat' dir='ltr'><strong>et</strong></span> <span class='ocrx_word' id='word_1_18' title='bbox 636 603 777 670; x_wconf 85' lang='lat' dir='ltr'><strong>malorum,</strong></span> <span class='ocrx_word' id='word_1_19' title='bbox 803 606 913 658; x_wconf 84' lang='lat' dir='ltr'><strong>inuenta</strong></span> <span class='ocrx_word' id='word_1_20' title='bbox 922 605 994 658; x_wconf 85' lang='lat' dir='ltr'><strong>citae</strong></span> <span class='ocrx_word' id='word_1_21' title='bbox 1008 606 1054 658; x_wconf 87' lang='lat' dir='ltr'><strong>oia</strong></span> <span class='ocrx_word' id='word_1_22' title='bbox 1064 613 1104 659; x_wconf 83' lang='lat' dir='ltr'><strong>eet</strong></span> <span class='ocrx_word' id='word_1_23' title='bbox 1112 610 1303 673; x_wconf 76' lang='lat' dir='ltr'><strong>conformatio-</strong></span> 
     </span>
     <span class='ocr_line' id='line_1_4' title="bbox 311 687 1304 764; baseline 0.004 -21"><span class='ocrx_word' id='word_1_24' title='bbox 311 689 484 763; x_wconf 73' lang='lat' dir='ltr'><strong>pacomaium</strong></span> <span class='ocrx_word' id='word_1_25' title='bbox 492 689 651 755; x_wconf 74' lang='lat' dir='ltr'><strong>officiorum.</strong></span> <span class='ocrx_word' id='word_1_26' title='bbox 678 687 848 764; x_wconf 76' lang='lat' dir='ltr'><strong>(iactantius</strong></span> <span class='ocrx_word' id='word_1_27' title='bbox 860 690 1000 756; x_wconf 82' lang='lat' dir='ltr'><strong>edaobus‚</strong></span> <span class='ocrx_word' id='word_1_28' title='bbox 1016 691 1106 756; x_wconf 79' lang='lat' dir='ltr'><strong>nteit,</strong></span> <span class='ocrx_word' id='word_1_29' title='bbox 1118 693 1207 746; x_wconf 63' lang='lat' dir='ltr'><strong>..codd</strong></span> <span class='ocrx_word' id='word_1_30' title='bbox 1218 693 1304 749; x_wconf 80' lang='lat' dir='ltr'><strong>edidit</strong></span> 
     </span>
     <span class='ocr_line' id='line_1_5' title="bbox 311 774 1304 844; baseline 0.002 -13"><span class='ocrx_word' id='word_1_31' title='bbox 311 779 422 831; x_wconf 84' lang='lat' dir='ltr'><strong>inuenta</strong></span> <span class='ocrx_word' id='word_1_32' title='bbox 436 780 461 826; x_wconf 86' lang='lat' dir='ltr'><strong>et</strong></span> <span class='ocrx_word' id='word_1_33' title='bbox 475 774 547 825; x_wconf 85' lang='lat' dir='ltr'><strong>uitae</strong></span> <span class='ocrx_word' id='word_1_34' title='bbox 563 791 588 826; x_wconf 84' lang='lat' dir='ltr'><strong>o.</strong></span> <span class='ocrx_word' id='word_1_35' title='bbox 604 790 628 825; x_wconf 90' lang='lat' dir='ltr'><strong>e.</strong></span> <span class='ocrx_word' id='word_1_36' title='bbox 647 789 812 841; x_wconf 85' lang='lat' dir='ltr'><strong>quamquam</strong></span> <span class='ocrx_word' id='word_1_37' title='bbox 827 777 954 844; x_wconf 81' lang='lat' dir='ltr'><strong>apertum</strong></span> <span class='ocrx_word' id='word_1_38' title='bbox 969 782 1027 838; x_wconf 84' lang='lat' dir='ltr'><strong>est,</strong></span> <span class='ocrx_word' id='word_1_39' title='bbox 1055 775 1125 828; x_wconf 91' lang='lat' dir='ltr'><strong>illud</strong></span> <span class='ocrx_word' id='word_1_40' title='bbox 1143 785 1169 828; x_wconf 89' lang='lat' dir='ltr'><strong>et</strong></span> <span class='ocrx_word' id='word_1_41' title='bbox 1184 793 1202 830; x_wconf 84' lang='lat' dir='ltr'><strong>a</strong></span> <span class='ocrx_word' id='word_1_42' title='bbox 1216 779 1304 833; x_wconf 75' lang='lat' dir='ltr'><strong>libra-</strong></span> 
     </span>
     <span class='ocr_line' id='line_1_6' title="bbox 313 855 1308 931; baseline 0.006 -18"><span class='ocrx_word' id='word_1_43' title='bbox 313 861 379 925; x_wconf 85' lang='lat' dir='ltr'><strong>riis,</strong></span> <span class='ocrx_word' id='word_1_44' title='bbox 399 864 431 911; x_wconf 87' lang='lat' dir='ltr'><strong>ut</strong></span> <span class='ocrx_word' id='word_1_45' title='bbox 452 875 538 926; x_wconf 76' lang='lat' dir='ltr'><strong>caepe</strong></span> <span class='ocrx_word' id='word_1_46' title='bbox 558 855 587 909; x_wconf 86' lang='lat' dir='ltr'><strong>iu</strong></span> <span class='ocrx_word' id='word_1_47' title='bbox 609 856 744 910; x_wconf 79' lang='lat' dir='ltr'><strong>eiusmodi</strong></span> <span class='ocrx_word' id='word_1_48' title='bbox 765 859 895 928; x_wconf 67' lang='lat' dir='ltr'><strong>spadoni,</strong></span> <span class='ocrx_word' id='word_1_49' title='bbox 917 859 1055 912; x_wconf 88' lang='lat' dir='ltr'><strong>adiectum</strong></span> <span class='ocrx_word' id='word_1_50' title='bbox 1070 876 1129 912; x_wconf 85' lang='lat' dir='ltr'><strong>esse</strong></span> <span class='ocrx_word' id='word_1_51' title='bbox 1144 879 1195 931; x_wconf 85' lang='lat' dir='ltr'><strong>pro</strong></span> <span class='ocrx_word' id='word_1_52' title='bbox 1210 865 1308 919; x_wconf 83' lang='lat' dir='ltr'><strong>ctiam.-</strong></span> 
     </span>
     <span class='ocr_line' id='line_1_7' title="bbox 290 937 1302 1020; baseline -0.002 -18"><span class='ocrx_word' id='word_1_53' title='bbox 290 937 299 958; x_wconf 53' lang='grc'><strong>’“</strong></span> <span class='ocrx_word' id='word_1_54' title='bbox 309 949 415 1002; x_wconf 74' lang='lat' dir='ltr'><strong>Isaeum</strong></span> <span class='ocrx_word' id='word_1_55' title='bbox 429 944 464 995; x_wconf 86' lang='lat' dir='ltr'><strong>de</strong></span> <span class='ocrx_word' id='word_1_56' title='bbox 478 944 546 1020; x_wconf 73' lang='lat' dir='ltr'><strong>Lag.</strong></span> <span class='ocrx_word' id='word_1_57' title='bbox 562 943 587 1008; x_wconf 91' lang='lat' dir='ltr'><strong>l,</strong></span> <span class='ocrx_word' id='word_1_58' title='bbox 604 940 648 1007; x_wconf 76' lang='lat'><strong>24,</strong></span> <span class='ocrx_word' id='word_1_59' title='bbox 661 941 704 996; x_wconf 77' lang='lat' dir='ltr'><strong>tt.</strong></span> <span class='ocrx_word' id='word_1_60' title='bbox 731 949 890 1012; x_wconf 84' lang='lat' dir='ltr'><strong>corruptam</strong></span> <span class='ocrx_word' id='word_1_61' title='bbox 905 962 982 1010; x_wconf 80' lang='lat' dir='ltr'><strong>esse,</strong></span> <span class='ocrx_word' id='word_1_62' title='bbox 1004 959 1099 998; x_wconf 90' lang='lat' dir='ltr'><strong>omnes</strong></span> <span class='ocrx_word' id='word_1_63' title='bbox 1121 945 1214 999; x_wconf 85' lang='lat' dir='ltr'><strong>critici</strong></span> <span class='ocrx_word' id='word_1_64' title='bbox 1237 966 1302 1000; x_wconf 87' lang='lat' dir='ltr'><strong>coa·</strong></span> 
     </span>
     <span class='ocr_line' id='line_1_8' title="bbox 312 1027 1301 1100; baseline 0 -14"><span class='ocrx_word' id='word_1_65' title='bbox 312 1031 441 1087; x_wconf 86' lang='lat' dir='ltr'><strong>sentiunt.</strong></span> <span class='ocrx_word' id='word_1_66' title='bbox 485 1027 597 1082; x_wconf 77' lang='lat' dir='ltr'>Excidit</span> <span class='ocrx_word' id='word_1_67' title='bbox 619 1027 693 1080; x_wconf 87' lang='lat' dir='ltr'><strong>enim</strong></span> <span class='ocrx_word' id='word_1_68' title='bbox 721 1035 784 1097; x_wconf 83' lang='lat' dir='ltr'><strong>post</strong></span> <span class='ocrx_word' id='word_1_69' title='bbox 802 1045 830 1083; x_wconf 74' lang='lat' dir='ltr'><strong>r.</strong></span> <span class='ocrx_word' id='word_1_70' title='bbox 852 1030 909 1100; x_wconf 86' lang='lat' dir='ltr'><strong>ipse</strong></span> <span class='ocrx_word' id='word_1_71' title='bbox 933 1029 1044 1098; x_wconf 75' lang='lat' dir='ltr'><strong>aliquod</strong></span> <span class='ocrx_word' id='word_1_72' title='bbox 1067 1030 1235 1085; x_wconf 84' lang='lat' dir='ltr'><strong>adiectivum</strong></span> <span class='ocrx_word' id='word_1_73' title='bbox 1256 1036 1301 1086; x_wconf 85' lang='lat' dir='ltr'><strong>vol</strong></span> 
     </span>
     <span class='ocr_line' id='line_1_9' title="bbox 311 1110 1298 1185; baseline 0 -14"><span class='ocrx_word' id='word_1_74' title='bbox 311 1115 484 1172; x_wconf 75' lang='lat' dir='ltr'><strong>adverbium.</strong></span> <span class='ocrx_word' id='word_1_75' title='bbox 502 1112 538 1172; x_wconf 82' lang='lat' dir='ltr'><strong>de</strong></span> <span class='ocrx_word' id='word_1_76' title='bbox 552 1111 615 1166; x_wconf 82' lang='lat' dir='ltr'><strong>Die.</strong></span> <span class='ocrx_word' id='word_1_77' title='bbox 624 1114 650 1178; x_wconf 88' lang='lat'><strong>1,</strong></span> <span class='ocrx_word' id='word_1_78' title='bbox 663 1110 707 1178; x_wconf 77' lang='lat' dir='ltr'><strong>ba,</strong></span> <span class='ocrx_word' id='word_1_79' title='bbox 717 1114 777 1167; x_wconf 80' lang='grc'><strong>114.</strong></span> <span class='ocrx_word' id='word_1_80' title='bbox 795 1122 900 1185; x_wconf 77' lang='lat' dir='ltr'><strong>ergoet</strong></span> <span class='ocrx_word' id='word_1_81' title='bbox 916 1114 952 1177; x_wconf 79' lang='lat' dir='ltr'><strong>ii,</strong></span> <span class='ocrx_word' id='word_1_82' title='bbox 968 1131 1078 1182; x_wconf 80' lang='lat' dir='ltr'><strong>quoram</strong></span> <span class='ocrx_word' id='word_1_83' title='bbox 1092 1116 1186 1181; x_wconf 82' lang='lat' dir='ltr'><strong>animi,</strong></span> <span class='ocrx_word' id='word_1_84' title='bbox 1203 1119 1298 1185; x_wconf 86' lang='lat' dir='ltr'><strong>spretis</strong></span> 
     </span>
     <span class='ocr_line' id='line_1_10' title="bbox 310 1195 1300 1270; baseline -0.002 -14"><span class='ocrx_word' id='word_1_85' title='bbox 310 1202 477 1270; x_wconf 74' lang='lat' dir='ltr'><strong>corporibus,</strong></span> <span class='ocrx_word' id='word_1_86' title='bbox 496 1195 618 1263; x_wconf 84' lang='lat' dir='ltr'><strong>evolant,</strong></span> <span class='ocrx_word' id='word_1_87' title='bbox 635 1225 671 1236; x_wconf 92' lang='lat'><em>-</em></span> <span class='ocrx_word' id='word_1_88' title='bbox 681 1204 801 1250; x_wconf 78' lang='lat' dir='ltr'><strong>&#39;cernuat</strong></span> <span class='ocrx_word' id='word_1_89' title='bbox 816 1199 864 1251; x_wconf 88' lang='lat' dir='ltr'><strong>illa</strong></span> <span class='ocrx_word' id='word_1_90' title='bbox 878 1202 1014 1268; x_wconf 86' lang='lat' dir='ltr'><strong>prosecta,</strong></span> <span class='ocrx_word' id='word_1_91' title='bbox 1039 1216 1106 1268; x_wconf 83' lang='lat' dir='ltr'><strong>quae</strong></span> <span class='ocrx_word' id='word_1_92' title='bbox 1122 1199 1300 1256; x_wconf 78' lang='lat' dir='ltr'><strong>vaticinantes</strong></span> 
     </span>
     <span class='ocr_line' id='line_1_11' title="bbox 278 1281 1301 1359; baseline -0.002 -19"><span class='ocrx_word' id='word_1_93' title='bbox 278 1281 290 1297; x_wconf 73' lang='lat'><strong>⁴</strong></span> <span class='ocrx_word' id='word_1_94' title='bbox 309 1286 522 1359; x_wconf 80' lang='lat' dir='ltr'><strong>praenuntiant:</strong></span> <span class='ocrx_word' id='word_1_95' title='bbox 549 1285 687 1351; x_wconf 80' lang='lat' dir='ltr'><strong>multisque</strong></span> <span class='ocrx_word' id='word_1_96' title='bbox 709 1286 786 1336; x_wconf 86' lang='lat' dir='ltr'><strong>rebus</strong></span> <span class='ocrx_word' id='word_1_97' title='bbox 806 1284 1010 1352; x_wconf 81' lang='lat' dir='ltr'><strong>inflammantur</strong></span> <span class='ocrx_word' id='word_1_98' title='bbox 1033 1283 1101 1336; x_wconf 85' lang='lat' dir='ltr'><strong>tales</strong></span> <span class='ocrx_word' id='word_1_99' title='bbox 1124 1285 1224 1351; x_wconf 85' lang='lat' dir='ltr'><strong>animi,</strong></span> <span class='ocrx_word' id='word_1_100' title='bbox 1255 1289 1301 1355; x_wconf 79' lang='lat' dir='ltr'><strong>qui</strong></span> 
     </span>
     <span class='ocr_line' id='line_1_12' title="bbox 311 1365 1300 1442; baseline -0.003 -16"><span class='ocrx_word' id='word_1_101' title='bbox 311 1373 468 1441; x_wconf 87' lang='lat' dir='ltr'><strong>corporibus</strong></span> <span class='ocrx_word' id='word_1_102' title='bbox 480 1387 534 1421; x_wconf 87' lang='lat' dir='ltr'><strong>aon</strong></span> <span class='ocrx_word' id='word_1_103' title='bbox 551 1367 700 1420; x_wconf 74' lang='lat' dir='ltr'><strong>inhaereat.</strong></span> <span class='ocrx_word' id='word_1_104' title='bbox 748 1367 816 1435; x_wconf 80' lang='lat' dir='ltr'><strong>Quis</strong></span> <span class='ocrx_word' id='word_1_105' title='bbox 839 1365 1071 1432; x_wconf 69' lang='lat' dir='ltr'><strong>assentatricis,</strong></span> <span class='ocrx_word' id='word_1_106' title='bbox 1092 1369 1194 1442; x_wconf 83' lang='lat' dir='ltr'><strong>opponi</strong></span> <span class='ocrx_word' id='word_1_107' title='bbox 1214 1369 1242 1421; x_wconf 86' lang='lat' dir='ltr'><strong>in</strong></span> <span class='ocrx_word' id='word_1_108' title='bbox 1256 1370 1300 1423; x_wconf 83' lang='lat' dir='ltr'><strong>bis</strong></span> 
     </span>
     <span class='ocr_line' id='line_1_13' title="bbox 309 1449 1300 1524; baseline -0.004 -13"><span class='ocrx_word' id='word_1_109' title='bbox 309 1459 398 1513; x_wconf 79' lang='lat' dir='ltr'><strong>rerba</strong></span> <span class='ocrx_word' id='word_1_110' title='bbox 414 1463 439 1509; x_wconf 91' lang='lat' dir='ltr'><strong>et</strong></span> <span class='ocrx_word' id='word_1_111' title='bbox 453 1483 489 1494; x_wconf 91' lang='lat'>-</span> <span class='ocrx_word' id='word_1_112' title='bbox 504 1451 575 1522; x_wconf 81' lang='lat' dir='ltr'><strong>quei</strong></span> <span class='ocrx_word' id='word_1_113' title='bbox 595 1449 678 1505; x_wconf 81' lang='lat' dir='ltr'><strong>Tuac.</strong></span> <span class='ocrx_word' id='word_1_114' title='bbox 686 1452 711 1516; x_wconf 86' lang='lat'><strong>1,</strong></span> <span class='ocrx_word' id='word_1_115' title='bbox 720 1452 746 1517; x_wconf 81' lang='lat'><strong>2,</strong></span> <span class='ocrx_word' id='word_1_116' title='bbox 755 1452 780 1504; x_wconf 85' lang='grc'><strong>4.</strong></span> <span class='ocrx_word' id='word_1_117' title='bbox 802 1454 889 1523; x_wconf 82' lang='lat' dir='ltr'><strong>igitur</strong></span> <span class='ocrx_word' id='word_1_118' title='bbox 902 1460 927 1505; x_wconf 91' lang='lat' dir='ltr'><strong>et</strong></span> <span class='ocrx_word' id='word_1_119' title='bbox 939 1453 1150 1523; x_wconf 81' lang='lat' dir='ltr'><strong>Epaminondas,</strong></span> <span class='ocrx_word' id='word_1_120' title='bbox 1167 1455 1300 1524; x_wconf 84' lang='lat' dir='ltr'><strong>princeps,</strong></span> 
     </span>
     <span class='ocr_line' id='line_1_14' title="bbox 244 1535 1299 1607; baseline -0.007 -10"><span class='ocrx_word' id='word_1_121' title='bbox 244 1571 248 1578; x_wconf 89' lang='lat'><em>·</em></span> <span class='ocrx_word' id='word_1_122' title='bbox 310 1535 497 1603; x_wconf 81' lang='lat' dir='ltr'><strong>meoiudicio,</strong></span> <span class='ocrx_word' id='word_1_123' title='bbox 514 1538 659 1602; x_wconf 78' lang='lat' dir='ltr'><strong>Graeciae,</strong></span> <span class='ocrx_word' id='word_1_124' title='bbox 675 1537 782 1603; x_wconf 63' lang='lat' dir='ltr'><strong>,fidibus</strong></span> <span class='ocrx_word' id='word_1_125' title='bbox 793 1539 934 1607; x_wconf 86' lang='lat' dir='ltr'><strong>praeclare</strong></span> <span class='ocrx_word' id='word_1_126' title='bbox 948 1540 1069 1591; x_wconf 72' lang='lat' dir='ltr'><strong>cecinisse</strong></span> <span class='ocrx_word' id='word_1_127' title='bbox 1088 1539 1201 1602; x_wconf 75' lang='lat' dir='ltr'><strong>dicitnr:</strong></span> <span class='ocrx_word' id='word_1_128' title='bbox 1230 1541 1299 1591; x_wconf 81' lang='lat' dir='ltr'><strong>Tbe-</strong></span> 
     </span>
     <span class='ocr_line' id='line_1_15' title="bbox 309 1613 1379 1693; baseline -0.006 -11"><span class='ocrx_word' id='word_1_129' title='bbox 309 1628 489 1693; x_wconf 78' lang='lat' dir='ltr'><strong>mistoalesque</strong></span> <span class='ocrx_word' id='word_1_130' title='bbox 503 1649 538 1661; x_wconf 82' lang='lat'><strong>--</strong></span> <span class='ocrx_word' id='word_1_131' title='bbox 553 1636 632 1691; x_wconf 76' lang='lat' dir='ltr'><strong>quum</strong></span> <span class='ocrx_word' id='word_1_132' title='bbox 643 1629 778 1674; x_wconf 75' lang='lat' dir='ltr'><strong>recusaret</strong></span> <span class='ocrx_word' id='word_1_133' title='bbox 789 1621 891 1690; x_wconf 72' lang='lat' dir='ltr'><strong>tyram,</strong></span> <span class='ocrx_word' id='word_1_134' title='bbox 907 1619 1015 1677; x_wconf 81' lang='lat' dir='ltr'><strong>babitus</strong></span> <span class='ocrx_word' id='word_1_135' title='bbox 1031 1632 1069 1677; x_wconf 88' lang='lat' dir='ltr'><strong>est</strong></span> <span class='ocrx_word' id='word_1_136' title='bbox 1084 1619 1223 1676; x_wconf 76' lang='lat' dir='ltr'><strong>indoctior,</strong></span> <span class='ocrx_word' id='word_1_137' title='bbox 1248 1625 1299 1682; x_wconf 71' lang='lat' dir='ltr'><strong>lla</strong></span> <span class='ocrx_word' id='word_1_138' title='bbox 1377 1613 1379 1656; x_wconf 53' lang='grc' dir='ltr'><em>ἶ</em></span> 
     </span>
     <span class='ocr_line' id='line_1_16' title="bbox 274 1695 1379 1780; baseline -0.001 -17"><span class='ocrx_word' id='word_1_139' title='bbox 274 1709 275 1714; x_wconf 71' lang='grc'>’</span> <span class='ocrx_word' id='word_1_140' title='bbox 309 1715 364 1768; x_wconf 82' lang='lat' dir='ltr'><strong>hoe</strong></span> <span class='ocrx_word' id='word_1_141' title='bbox 381 1709 492 1780; x_wconf 89' lang='lat' dir='ltr'><strong>quidem</strong></span> <span class='ocrx_word' id='word_1_142' title='bbox 508 1707 570 1760; x_wconf 90' lang='lat' dir='ltr'><strong>loco</strong></span> <span class='ocrx_word' id='word_1_143' title='bbox 587 1720 632 1758; x_wconf 85' lang='lat' dir='ltr'><strong>rer</strong></span> <span class='ocrx_word' id='word_1_144' title='bbox 647 1704 713 1757; x_wconf 78' lang='lat' dir='ltr'><strong>satis</strong></span> <span class='ocrx_word' id='word_1_145' title='bbox 723 1705 950 1776; x_wconf 29' lang='lat' dir='ltr'><strong>demonstraturi,</strong></span> <span class='ocrx_word' id='word_1_146' title='bbox 960 1721 1024 1760; x_wconf 84' lang='lat' dir='ltr'><strong>uam</strong></span> <span class='ocrx_word' id='word_1_147' title='bbox 1040 1703 1162 1762; x_wconf 81' lang='lat' dir='ltr'><strong>etserba</strong></span> <span class='ocrx_word' id='word_1_148' title='bbox 1176 1709 1299 1778; x_wconf 78' lang='lat' dir='ltr'><strong>princeps</strong></span> <span class='ocrx_word' id='word_1_149' title='bbox 1378 1695 1379 1754; x_wconf 65' lang='lat' dir='ltr'><strong>l</strong></span> 
     </span>
     <span class='ocr_line' id='line_1_17' title="bbox 274 1787 1297 1861; baseline -0.007 -10"><span class='ocrx_word' id='word_1_150' title='bbox 274 1787 275 1792; x_wconf 28' lang='lat'>¹</span> <span class='ocrx_word' id='word_1_151' title='bbox 311 1794 458 1859; x_wconf 78' lang='lat' dir='ltr'><strong>Graeciae,</strong></span> <span class='ocrx_word' id='word_1_152' title='bbox 477 1799 506 1845; x_wconf 88' lang='lat' dir='ltr'><strong>et</strong></span> <span class='ocrx_word' id='word_1_153' title='bbox 521 1789 607 1860; x_wconf 76' lang='lat' dir='ltr'><strong>ipsiur&#39;</strong></span> <span class='ocrx_word' id='word_1_154' title='bbox 618 1789 772 1845; x_wconf 81' lang='lat' dir='ltr'><strong>sententiae</strong></span> <span class='ocrx_word' id='word_1_155' title='bbox 787 1791 862 1844; x_wconf 60' lang='lat' dir='ltr'><strong>ratio*</strong></span> <span class='ocrx_word' id='word_1_156' title='bbox 874 1789 1035 1858; x_wconf 81' lang='lat' dir='ltr'><strong>ostendunt,</strong></span> <span class='ocrx_word' id='word_1_157' title='bbox 1061 1791 1096 1846; x_wconf 71' lang='lat' dir='ltr'><strong>et&#39;</strong></span> <span class='ocrx_word' id='word_1_158' title='bbox 1106 1789 1168 1844; x_wconf 71' lang='lat' dir='ltr'><strong>vesse</strong></span> <span class='ocrx_word' id='word_1_159' title='bbox 1183 1793 1211 1844; x_wconf 90' lang='lat' dir='ltr'><strong>id</strong></span> <span class='ocrx_word' id='word_1_160' title='bbox 1227 1794 1297 1861; x_wconf 88' lang='lat' dir='ltr'><strong>quod</strong></span> 
     </span>
     <span class='ocr_line' id='line_1_18' title="bbox 311 1871 1298 1949; baseline -0.007 -11"><span class='ocrx_word' id='word_1_161' title='bbox 311 1886 388 1938; x_wconf 77' lang='lat' dir='ltr'><strong>adeo.</strong></span> <span class='ocrx_word' id='word_1_162' title='bbox 406 1897 433 1949; x_wconf 87' lang='lat' dir='ltr'><strong>p.</strong></span> <span class='ocrx_word' id='word_1_163' title='bbox 449 1880 531 1932; x_wconf 86' lang='lat' dir='ltr'><strong>Rosa.</strong></span> <span class='ocrx_word' id='word_1_164' title='bbox 540 1875 653 1940; x_wconf 57' lang='lat' dir='ltr'><strong>Amat,</strong></span> <span class='ocrx_word' id='word_1_165' title='bbox 661 1874 704 1928; x_wconf 84' lang='lat'><strong>41.</strong></span> <span class='ocrx_word' id='word_1_166' title='bbox 723 1893 777 1928; x_wconf 89' lang='lat' dir='ltr'><strong>aon</strong></span> <span class='ocrx_word' id='word_1_167' title='bbox 793 1871 870 1930; x_wconf 82' lang='lat' dir='ltr'><strong>modo</strong></span> <span class='ocrx_word' id='word_1_168' title='bbox 883 1878 933 1931; x_wconf 78' lang='lat' dir='ltr'><strong>boc</strong></span> <span class='ocrx_word' id='word_1_169' title='bbox 945 1885 1056 1948; x_wconf 83' lang='lat' dir='ltr'><strong>pateam</strong></span> <span class='ocrx_word' id='word_1_170' title='bbox 1069 1879 1207 1931; x_wconf 79' lang='lat' dir='ltr'><strong>uoluntate</strong></span> <span class='ocrx_word' id='word_1_171' title='bbox 1223 1879 1298 1944; x_wconf 76' lang='lat' dir='ltr'><strong>liberi</strong></span> 
     </span>
     <span class='ocr_line' id='line_1_19' title="bbox 303 1957 1295 2037; baseline -0.007 -16"><span class='ocrx_word' id='word_1_172' title='bbox 303 1965 431 2037; x_wconf 75' lang='lat' dir='ltr'><strong>faciunt,</strong></span> <span class='ocrx_word' id='word_1_173' title='bbox 451 1965 498 2016; x_wconf 88' lang='lat' dir='ltr'><strong>sed</strong></span> <span class='ocrx_word' id='word_1_174' title='bbox 519 1963 663 2034; x_wconf 72' lang='lat' dir='ltr'><strong>permultos</strong></span> <span class='ocrx_word' id='word_1_175' title='bbox 684 1968 711 2015; x_wconf 88' lang='lat' dir='ltr'><strong>et</strong></span> <span class='ocrx_word' id='word_1_176' title='bbox 729 1962 871 2031; x_wconf 73' lang='lat' dir='ltr'><strong>egerendi,</strong></span> <span class='ocrx_word' id='word_1_177' title='bbox 889 1970 930 2026; x_wconf 82' lang='lat' dir='ltr'><strong>et,</strong></span> <span class='ocrx_word' id='word_1_178' title='bbox 954 1957 1066 2015; x_wconf 81' lang='lat' dir='ltr'><strong>nisime</strong></span> <span class='ocrx_word' id='word_1_179' title='bbox 1081 1965 1161 2030; x_wconf 81' lang='lat' dir='ltr'><strong>fallit</strong></span> <span class='ocrx_word' id='word_1_180' title='bbox 1183 1961 1295 2028; x_wconf 81' lang='lat' dir='ltr'><strong>animur,</strong></span> 
     </span>
     <span class='ocr_line' id='line_1_20' title="bbox 309 2041 1297 2120; baseline -0.007 -13"><span class='ocrx_word' id='word_1_181' title='bbox 309 2069 379 2107; x_wconf 84' lang='lat' dir='ltr'><strong>unus</strong></span> <span class='ocrx_word' id='word_1_182' title='bbox 399 2051 505 2120; x_wconf 70' lang='lat' dir='ltr'><strong>quispe</strong></span> <span class='ocrx_word' id='word_1_183' title='bbox 521 2052 651 2111; x_wconf 84' lang='lat' dir='ltr'><strong>uestram,</strong></span> <span class='ocrx_word' id='word_1_184' title='bbox 679 2043 725 2114; x_wconf 74' lang='lat' dir='ltr'><strong>ipai</strong></span> <span class='ocrx_word' id='word_1_185' title='bbox 741 2053 767 2098; x_wconf 88' lang='lat' dir='ltr'><strong>et</strong></span> <span class='ocrx_word' id='word_1_186' title='bbox 786 2041 839 2116; x_wconf 86' lang='lat' dir='ltr'><strong>ipsi</strong></span> <span class='ocrx_word' id='word_1_187' title='bbox 857 2041 956 2100; x_wconf 77' lang='lat' dir='ltr'><strong>ia‘ceasi</strong></span> <span class='ocrx_word' id='word_1_188' title='bbox 971 2055 1033 2099; x_wconf 87' lang='lat' dir='ltr'><strong>snat</strong></span> <span class='ocrx_word' id='word_1_189' title='bbox 1047 2048 1152 2112; x_wconf 84' lang='lat' dir='ltr'><strong>studio,</strong></span> <span class='ocrx_word' id='word_1_190' title='bbox 1176 2049 1245 2115; x_wconf 78' lang='lat' dir='ltr'><strong>quod</strong></span> <span class='ocrx_word' id='word_1_191' title='bbox 1260 2049 1297 2100; x_wconf 84' lang='lat' dir='ltr'><strong>ud</strong></span> 
     </span>
     <span class='ocr_line' id='line_1_21' title="bbox 309 2125 1297 2210; baseline -0.006 -20"><span class='ocrx_word' id='word_1_192' title='bbox 309 2155 408 2210; x_wconf 78' lang='lat' dir='ltr'><strong>agrurn</strong></span> <span class='ocrx_word' id='word_1_193' title='bbox 424 2130 561 2187; x_wconf 84' lang='lat' dir='ltr'><strong>colendum</strong></span> <span class='ocrx_word' id='word_1_194' title='bbox 577 2131 688 2194; x_wconf 79' lang='lat' dir='ltr'><strong>attinet,</strong></span> <span class='ocrx_word' id='word_1_195' title='bbox 706 2125 917 2200; x_wconf 79' lang='lat' dir='ltr'><strong>citumquelsnac</strong></span> <span class='ocrx_word' id='word_1_196' title='bbox 931 2130 1133 2184; x_wconf 53' lang='lat' dir='ltr'><strong>reatinam-ret</strong></span> <span class='ocrx_word' id='word_1_197' title='bbox 1148 2133 1297 2185; x_wconf 74' lang='lat' dir='ltr'><strong>honestissi-</strong></span> 
     </span>
     <span class='ocr_line' id='line_1_22' title="bbox 289 2210 1296 2286; baseline -0.005 -11"><span class='ocrx_word' id='word_1_198' title='bbox 289 2265 291 2268; x_wconf 93' lang='lat'><strong>.</strong></span> <span class='ocrx_word' id='word_1_199' title='bbox 308 2239 382 2276; x_wconf 84' lang='lat' dir='ltr'><strong>araas</strong></span> <span class='ocrx_word' id='word_1_200' title='bbox 396 2228 422 2272; x_wconf 90' lang='lat' dir='ltr'><strong>et</strong></span> <span class='ocrx_word' id='word_1_201' title='bbox 436 2214 620 2272; x_wconf 78' lang='lat' dir='ltr'><strong>suavissimam</strong></span> <span class='ocrx_word' id='word_1_202' title='bbox 633 2215 810 2268; x_wconf 80' lang='lat' dir='ltr'><strong>arbitrantur.</strong></span> <span class='ocrx_word' id='word_1_203' title='bbox 836 2210 992 2269; x_wconf 73' lang='lat' dir='ltr'><strong>cobserent</strong></span> <span class='ocrx_word' id='word_1_204' title='bbox 1002 2217 1095 2286; x_wconf 87' lang='lat' dir='ltr'><strong>etipsi.</strong></span> <span class='ocrx_word' id='word_1_205' title='bbox 1114 2216 1178 2270; x_wconf 87' lang='lat' dir='ltr'><strong>vide</strong></span> <span class='ocrx_word' id='word_1_206' title='bbox 1195 2236 1222 2285; x_wconf 87' lang='lat' dir='ltr'><strong>p.</strong></span> <span class='ocrx_word' id='word_1_207' title='bbox 1237 2215 1296 2270; x_wconf 78' lang='lat'><strong>506.</strong></span> 
     </span>
     <span class='ocr_line' id='line_1_23' title="bbox 307 2295 1295 2373; baseline -0.006 -14"><span class='ocrx_word' id='word_1_208' title='bbox 307 2295 647 2373; x_wconf 79' lang='lat' dir='ltr'><strong>aamoppanuaturliberi</strong></span> <span class='ocrx_word' id='word_1_209' title='bbox 657 2299 724 2368; x_wconf 85' lang='lat' dir='ltr'><strong>ipsis</strong></span> <span class='ocrx_word' id='word_1_210' title='bbox 738 2299 870 2367; x_wconf 86' lang='lat' dir='ltr'><strong>patribus.</strong></span> <span class='ocrx_word' id='word_1_211' title='bbox 890 2300 1164 2366; x_wconf 54' lang='lat' dir='ltr'><strong>dedenuntiat.</strong></span> <span class='ocrx_word' id='word_1_212' title='bbox 1184 2300 1211 2353; x_wconf 90' lang='lat' dir='ltr'><strong>in</strong></span> <span class='ocrx_word' id='word_1_213' title='bbox 1221 2302 1295 2354; x_wconf 89' lang='lat' dir='ltr'><strong>novis</strong></span> 
     </span>
     <span class='ocr_line' id='line_1_24' title="bbox 306 2382 1295 2456; baseline -0.008 -10"><span class='ocrx_word' id='word_1_214' title='bbox 306 2390 474 2446; x_wconf 85' lang='lat' dir='ltr'><strong>editionibus</strong></span> <span class='ocrx_word' id='word_1_215' title='bbox 485 2406 538 2442; x_wconf 87' lang='lat' dir='ltr'><strong>nou</strong></span> <span class='ocrx_word' id='word_1_216' title='bbox 547 2383 650 2456; x_wconf 78' lang='lat' dir='ltr'><strong>legitur</strong></span> <span class='ocrx_word' id='word_1_217' title='bbox 659 2393 684 2438; x_wconf 92' lang='lat' dir='ltr'><strong>et</strong></span> <span class='ocrx_word' id='word_1_218' title='bbox 693 2391 756 2438; x_wconf 80' lang='lat' dir='ltr'><strong>sote</strong></span> <span class='ocrx_word' id='word_1_219' title='bbox 764 2387 878 2455; x_wconf 77' lang='lat' dir='ltr'><strong>Arguta,</strong></span> <span class='ocrx_word' id='word_1_220' title='bbox 886 2397 969 2454; x_wconf 84' lang='lat' dir='ltr'><strong>quum</strong></span> <span class='ocrx_word' id='word_1_221' title='bbox 979 2386 1049 2439; x_wconf 87' lang='lat' dir='ltr'><strong>desit</strong></span> <span class='ocrx_word' id='word_1_222' title='bbox 1057 2384 1085 2439; x_wconf 88' lang='lat' dir='ltr'><strong>in</strong></span> <span class='ocrx_word' id='word_1_223' title='bbox 1095 2382 1172 2438; x_wconf 89' lang='lat' dir='ltr'><strong>codd.</strong></span> <span class='ocrx_word' id='word_1_224' title='bbox 1193 2384 1295 2446; x_wconf 80' lang='lat' dir='ltr'><strong>Brutus</strong></span> 
     </span>
     <span class='ocr_line' id='line_1_25' title="bbox 307 2471 1295 2541; baseline -0.005 -12"><span class='ocrx_word' id='word_1_225' title='bbox 307 2478 343 2534; x_wconf 82' lang='lat' dir='ltr'><strong>ad</strong></span> <span class='ocrx_word' id='word_1_226' title='bbox 351 2476 409 2529; x_wconf 83' lang='lat' dir='ltr'><strong>Cic.</strong></span> <span class='ocrx_word' id='word_1_227' title='bbox 423 2473 518 2540; x_wconf 82' lang='lat' dir='ltr'><strong>11,1tt.</strong></span> <span class='ocrx_word' id='word_1_228' title='bbox 543 2489 589 2524; x_wconf 87' lang='lat' dir='ltr'><strong>uos</strong></span> <span class='ocrx_word' id='word_1_229' title='bbox 600 2488 730 2540; x_wconf 82' lang='lat' dir='ltr'><strong>magnam</strong></span> <span class='ocrx_word' id='word_1_230' title='bbox 746 2471 864 2534; x_wconf 76' lang='lat' dir='ltr'><strong>animum</strong></span> <span class='ocrx_word' id='word_1_231' title='bbox 880 2471 1057 2540; x_wconf 75' lang='lat' dir='ltr'><strong>optimumque</strong></span> <span class='ocrx_word' id='word_1_232' title='bbox 1068 2484 1140 2541; x_wconf 84' lang='lat' dir='ltr'><strong>spem</strong></span> <span class='ocrx_word' id='word_1_233' title='bbox 1151 2473 1184 2525; x_wconf 87' lang='lat' dir='ltr'><strong>de</strong></span> <span class='ocrx_word' id='word_1_234' title='bbox 1194 2486 1295 2526; x_wconf 80' lang='lat' dir='ltr'><strong>summu</strong></span> 
     </span>
     <span class='ocr_line' id='line_1_26' title="bbox 305 2558 1293 2631; baseline -0.008 -14"><span class='ocrx_word' id='word_1_235' title='bbox 305 2561 464 2631; x_wconf 84' lang='lat' dir='ltr'><strong>republica</strong></span> <span class='ocrx_word' id='word_1_236' title='bbox 488 2558 585 2610; x_wconf 83' lang='lat' dir='ltr'><strong>babere</strong></span> <span class='ocrx_word' id='word_1_237' title='bbox 606 2558 741 2620; x_wconf 79' lang='lat' dir='ltr'><strong>uolumus,</strong></span> <span class='ocrx_word' id='word_1_238' title='bbox 769 2566 847 2624; x_wconf 79' lang='lat' dir='ltr'><strong>qaum</strong></span> <span class='ocrx_word' id='word_1_239' title='bbox 865 2562 891 2607; x_wconf 88' lang='lat' dir='ltr'><strong>et</strong></span> <span class='ocrx_word' id='word_1_240' title='bbox 912 2570 960 2615; x_wconf 82' lang='lat' dir='ltr'><strong>nor</strong></span> <span class='ocrx_word' id='word_1_241' title='bbox 984 2564 1010 2609; x_wconf 86' lang='lat' dir='ltr'><strong>et</strong></span> <span class='ocrx_word' id='word_1_242' title='bbox 1033 2559 1160 2612; x_wconf 78' lang='lat' dir='ltr'><strong>caercitus</strong></span> <span class='ocrx_word' id='word_1_243' title='bbox 1184 2566 1293 2623; x_wconf 79' lang='lat' dir='ltr'><strong>austros,</strong></span> 
     </span>
     <span class='ocr_line' id='line_1_27' title="bbox 304 2625 1295 2717; baseline -0.006 -16"><span class='ocrx_word' id='word_1_244' title='bbox 304 2644 443 2717; x_wconf 79' lang='lat' dir='ltr'><strong>singulari</strong></span> <span class='ocrx_word' id='word_1_245' title='bbox 452 2639 594 2695; x_wconf 87' lang='lat' dir='ltr'><strong>concordia</strong></span> <span class='ocrx_word' id='word_1_246' title='bbox 608 2642 767 2704; x_wconf 82' lang='lat' dir='ltr'><strong>coniunctos,</strong></span> <span class='ocrx_word' id='word_1_247' title='bbox 783 2635 820 2692; x_wconf 87' lang='lat' dir='ltr'><strong>ad</strong></span> <span class='ocrx_word' id='word_1_248' title='bbox 835 2640 924 2692; x_wconf 80' lang='lat' dir='ltr'><strong>cronia</strong></span> <span class='ocrx_word' id='word_1_249' title='bbox 936 2651 987 2709; x_wconf 83' lang='lat' dir='ltr'><strong>pro</strong></span> <span class='ocrx_word' id='word_1_250' title='bbox 1002 2625 1074 2694; x_wconf 75' lang='lat' dir='ltr'><strong>uobis</strong></span> <span class='ocrx_word' id='word_1_251' title='bbox 1087 2643 1202 2695; x_wconf 84' lang='lat' dir='ltr'><strong>uideatis</strong></span> <span class='ocrx_word' id='word_1_252' title='bbox 1212 2661 1295 2711; x_wconf 88' lang='lat' dir='ltr'><strong>para-</strong></span> 
     </span>
     <span class='ocr_line' id='line_1_28' title="bbox 283 2720 1292 2795; baseline -0.007 -10"><span class='ocrx_word' id='word_1_253' title='bbox 283 2742 354 2788; x_wconf 82' lang='lat' dir='ltr'><strong>.tos.</strong></span> <span class='ocrx_word' id='word_1_254' title='bbox 391 2727 443 2781; x_wconf 82' lang='lat' dir='ltr'><strong>Sed</strong></span> <span class='ocrx_word' id='word_1_255' title='bbox 458 2735 548 2779; x_wconf 87' lang='lat' dir='ltr'><strong>tamen</strong></span> <span class='ocrx_word' id='word_1_256' title='bbox 571 2722 641 2779; x_wconf 84' lang='lat' dir='ltr'><strong>nibil</strong></span> <span class='ocrx_word' id='word_1_257' title='bbox 666 2727 699 2779; x_wconf 82' lang='lat' dir='ltr'><strong>dc</strong></span> <span class='ocrx_word' id='word_1_258' title='bbox 721 2720 865 2794; x_wconf 82' lang='lat' dir='ltr'><strong>diligentia</strong></span> <span class='ocrx_word' id='word_1_259' title='bbox 885 2726 1018 2778; x_wconf 84' lang='lat' dir='ltr'><strong>remittere</strong></span> <span class='ocrx_word' id='word_1_260' title='bbox 1039 2721 1150 2791; x_wconf 84' lang='lat' dir='ltr'><strong>debetis,</strong></span> <span class='ocrx_word' id='word_1_261' title='bbox 1178 2723 1292 2795; x_wconf 81' lang='lat' dir='ltr'><strong>dareque</strong></span> 
     </span>
     <span class='ocr_line' id='line_1_29' title="bbox 305 2801 1293 2890; baseline -0.007 -22"><span class='ocrx_word' id='word_1_262' title='bbox 305 2832 431 2886; x_wconf 77' lang='lat' dir='ltr'><strong>operum,</strong></span> <span class='ocrx_word' id='word_1_263' title='bbox 453 2820 482 2864; x_wconf 86' lang='lat' dir='ltr'><strong>ut</strong></span> <span class='ocrx_word' id='word_1_264' title='bbox 498 2801 755 2882; x_wconf 63' lang='lat' dir='ltr'><strong>intemperatissima*</strong></span> <span class='ocrx_word' id='word_1_265' title='bbox 768 2817 793 2861; x_wconf 90' lang='lat' dir='ltr'><strong>et</strong></span> <span class='ocrx_word' id='word_1_266' title='bbox 809 2801 843 2860; x_wconf 79' lang='lat' dir='ltr'><strong>uls</strong></span> <span class='ocrx_word' id='word_1_267' title='bbox 858 2804 1137 2890; x_wconf 71' lang='lat' dir='ltr'><strong>exercitareliqaitque</strong></span> <span class='ocrx_word' id='word_1_268' title='bbox 1153 2813 1230 2863; x_wconf 83' lang='lat' dir='ltr'><strong>rebus</strong></span> <span class='ocrx_word' id='word_1_269' title='bbox 1244 2828 1293 2880; x_wconf 84' lang='lat' dir='ltr'><strong>pra</strong></span> 
     </span>
     <span class='ocr_line' id='line_1_30' title="bbox 303 2887 1292 2965; baseline -0.008 -11"><span class='ocrx_word' id='word_1_270' title='bbox 303 2909 394 2955; x_wconf 82' lang='lat' dir='ltr'><strong>uestra</strong></span> <span class='ocrx_word' id='word_1_271' title='bbox 413 2897 500 2950; x_wconf 82' lang='lat' dir='ltr'><strong>salute</strong></span> <span class='ocrx_word' id='word_1_272' title='bbox 513 2920 549 2934; x_wconf 79' lang='lat'><strong>--</strong></span> <span class='ocrx_word' id='word_1_273' title='bbox 565 2895 749 2965; x_wconf 81' lang='lat' dir='ltr'><strong>confligamus.</strong></span> <span class='ocrx_word' id='word_1_274' title='bbox 783 2887 969 2956; x_wconf 73' lang='lat' dir='ltr'><strong>Vehementer</strong></span> <span class='ocrx_word' id='word_1_275' title='bbox 986 2887 1074 2960; x_wconf 80' lang='lat' dir='ltr'><strong>miror</strong></span> <span class='ocrx_word' id='word_1_276' title='bbox 1095 2895 1292 2954; x_wconf 80' lang='lat' dir='ltr'><strong>Heinriahiam</strong></span> 
     </span>
     <span class='ocr_line' id='line_1_31' title="bbox 304 2974 1293 3051; baseline -0.007 -12"><span class='ocrx_word' id='word_1_277' title='bbox 304 2987 341 3040; x_wconf 85' lang='lat' dir='ltr'><strong>ad</strong></span> <span class='ocrx_word' id='word_1_278' title='bbox 355 2984 413 3037; x_wconf 83' lang='lat' dir='ltr'><strong>Cic.</strong></span> <span class='ocrx_word' id='word_1_279' title='bbox 434 2981 553 3051; x_wconf 74' lang='lat' dir='ltr'><strong>deliep.</strong></span> <span class='ocrx_word' id='word_1_280' title='bbox 569 2997 596 3049; x_wconf 80' lang='lat' dir='ltr'><strong>p.</strong></span> <span class='ocrx_word' id='word_1_281' title='bbox 612 2979 755 3033; x_wconf 54' lang='lat' dir='ltr'><strong>2lllscum</strong></span> <span class='ocrx_word' id='word_1_282' title='bbox 769 2974 897 3032; x_wconf 80' lang='lat' dir='ltr'><strong>Ernestio</strong></span> <span class='ocrx_word' id='word_1_283' title='bbox 914 2991 1051 3047; x_wconf 84' lang='lat' dir='ltr'><strong>opponere</strong></span> <span class='ocrx_word' id='word_1_284' title='bbox 1068 2987 1093 3032; x_wconf 89' lang='lat' dir='ltr'><strong>ct</strong></span> <span class='ocrx_word' id='word_1_285' title='bbox 1106 2992 1145 3020; x_wconf 84' lang='lat'><strong>—&#39;</strong></span> <span class='ocrx_word' id='word_1_286' title='bbox 1155 2990 1220 3050; x_wconf 74' lang='lat' dir='ltr'><strong>quet</strong></span> <span class='ocrx_word' id='word_1_287' title='bbox 1240 2997 1293 3050; x_wconf 82' lang='lat' dir='ltr'><strong>quo</strong></span> 
     </span>
     <span class='ocr_line' id='line_1_32' title="bbox 305 3058 1294 3134; baseline -0.006 -10"><span class='ocrx_word' id='word_1_288' title='bbox 305 3069 412 3124; x_wconf 85' lang='lat' dir='ltr'><strong>exsistit</strong></span> <span class='ocrx_word' id='word_1_289' title='bbox 426 3065 562 3120; x_wconf 81' lang='lat' dir='ltr'><strong>sententie</strong></span> <span class='ocrx_word' id='word_1_290' title='bbox 577 3081 688 3134; x_wconf 81' lang='lat' dir='ltr'><strong>prorsus</strong></span> <span class='ocrx_word' id='word_1_291' title='bbox 702 3063 812 3132; x_wconf 85' lang='lat' dir='ltr'><strong>inepta,</strong></span> <span class='ocrx_word' id='word_1_292' title='bbox 826 3082 878 3117; x_wconf 87' lang='lat' dir='ltr'><strong>nso</strong></span> <span class='ocrx_word' id='word_1_293' title='bbox 887 3058 1002 3116; x_wconf 87' lang='lat' dir='ltr'><strong>dubium</strong></span> <span class='ocrx_word' id='word_1_294' title='bbox 1014 3061 1074 3118; x_wconf 84' lang='lat' dir='ltr'><strong>es&#39;se</strong></span> <span class='ocrx_word' id='word_1_295' title='bbox 1090 3073 1190 3132; x_wconf 83' lang='lat' dir='ltr'><strong>potest,</strong></span> <span class='ocrx_word' id='word_1_296' title='bbox 1206 3064 1294 3118; x_wconf 81' lang='lat' dir='ltr'><strong>verba</strong></span> 
     </span>
     <span class='ocr_line' id='line_1_33' title="bbox 303 3149 1292 3225; baseline -0.005 -16"><span class='ocrx_word' id='word_1_297' title='bbox 303 3155 463 3225; x_wconf 79' lang='lat' dir='ltr'><strong>reliquisque</strong></span> <span class='ocrx_word' id='word_1_298' title='bbox 487 3154 564 3204; x_wconf 88' lang='lat' dir='ltr'><strong>rebus</strong></span> <span class='ocrx_word' id='word_1_299' title='bbox 586 3167 635 3219; x_wconf 84' lang='lat' dir='ltr'><strong>per</strong></span> <span class='ocrx_word' id='word_1_300' title='bbox 658 3166 687 3202; x_wconf 87' lang='lat' dir='ltr'><strong>se</strong></span> <span class='ocrx_word' id='word_1_301' title='bbox 708 3149 870 3202; x_wconf 76' lang='lat' dir='ltr'><strong>adhaerere.</strong></span> <span class='ocrx_word' id='word_1_302' title='bbox 907 3149 1011 3216; x_wconf 80' lang='lat' dir='ltr'><strong>Quodsi</strong></span> <span class='ocrx_word' id='word_1_303' title='bbox 1034 3150 1174 3219; x_wconf 85' lang='lat' dir='ltr'><strong>integrum</strong></span> <span class='ocrx_word' id='word_1_304' title='bbox 1193 3162 1235 3204; x_wconf 83' lang='lat' dir='ltr'><strong>sat</strong></span> <span class='ocrx_word' id='word_1_305' title='bbox 1259 3157 1292 3217; x_wconf 85' lang='lat' dir='ltr'><strong>et,</strong></span> 
     </span>
     <span class='ocr_line' id='line_1_34' title="bbox 302 3230 1292 3306; baseline -0.007 -12"><span class='ocrx_word' id='word_1_306' title='bbox 302 3241 333 3295; x_wconf 89' lang='lat' dir='ltr'><strong>in</strong></span> <span class='ocrx_word' id='word_1_307' title='bbox 348 3239 426 3293; x_wconf 81' lang='lat' dir='ltr'><strong>codd.</strong></span> <span class='ocrx_word' id='word_1_308' title='bbox 443 3230 609 3306; x_wconf 74' lang='lat' dir='ltr'><strong>quibusdam</strong></span> <span class='ocrx_word' id='word_1_309' title='bbox 623 3234 770 3300; x_wconf 89' lang='lat' dir='ltr'><strong>omissum,</strong></span> <span class='ocrx_word' id='word_1_310' title='bbox 799 3233 945 3304; x_wconf 85' lang='lat' dir='ltr'><strong>opponitur</strong></span> <span class='ocrx_word' id='word_1_311' title='bbox 963 3235 1147 3304; x_wconf 76' lang='lat' dir='ltr'><strong>praesidium,</strong></span> <span class='ocrx_word' id='word_1_312' title='bbox 1166 3236 1240 3306; x_wconf 86' lang='lat' dir='ltr'><strong>quod</strong></span> <span class='ocrx_word' id='word_1_313' title='bbox 1253 3237 1292 3290; x_wconf 85' lang='lat' dir='ltr'><strong>¹ab</strong></span> 
     </span>
     <span class='ocr_line' id='line_1_35' title="bbox 302 3319 1140 3389; baseline -0.006 -9"><span class='ocrx_word' id='word_1_314' title='bbox 302 3324 427 3380; x_wconf 83' lang='lat' dir='ltr'><strong>exercitu</strong></span> <span class='ocrx_word' id='word_1_315' title='bbox 441 3322 535 3388; x_wconf 81' lang='lat' dir='ltr'><strong>fuerit,</strong></span> <span class='ocrx_word' id='word_1_316' title='bbox 558 3321 649 3374; x_wconf 86' lang='lat' dir='ltr'><strong>animo</strong></span> <span class='ocrx_word' id='word_1_317' title='bbox 659 3319 716 3373; x_wconf 86' lang='lat' dir='ltr'><strong>iam</strong></span> <span class='ocrx_word' id='word_1_318' title='bbox 729 3327 836 3389; x_wconf 78' lang='lat' dir='ltr'><strong>pareto,-</strong></span> <span class='ocrx_word' id='word_1_319' title='bbox 857 3325 885 3373; x_wconf 87' lang='lat' dir='ltr'><strong>ct</strong></span> <span class='ocrx_word' id='word_1_320' title='bbox 899 3319 1038 3388; x_wconf 80' lang='lat' dir='ltr'><strong>significat</strong></span> <span class='ocrx_word' id='word_1_321' title='bbox 1050 3319 1140 3375; x_wconf 67' lang='lat' dir='ltr'><strong>aium.</strong></span> 
     </span>
    </p>
   </div>
   <div class='ocr_carea' id='block_1_3' title="bbox 229 3441 1294 4289">
    <p class='ocr_par' dir='ltr' id='par_1_3' title="bbox 300 3441 1293 3781">
     <span class='ocr_line' id='line_1_36' title="bbox 338 3441 1293 3528; baseline -0.003 -16"><span class='ocrx_word' id='word_1_322' title='bbox 338 3458 489 3513; x_wconf 72' lang='lat' dir='ltr'><strong>cinarus.</strong></span> <span class='ocrx_word' id='word_1_323' title='bbox 504 3451 547 3523; x_wconf 75' lang='lat'><strong>88,</strong></span> <span class='ocrx_word' id='word_1_324' title='bbox 562 3450 621 3510; x_wconf 78' lang='lat'><strong>3⁰2.</strong></span> <span class='ocrx_word' id='word_1_325' title='bbox 641 3454 771 3511; x_wconf 86' lang='lat' dir='ltr'><strong>attulerat</strong></span> <span class='ocrx_word' id='word_1_326' title='bbox 791 3456 826 3497; x_wconf 61' lang='grc' dir='ltr'><strong>ἔ-</strong></span> <span class='ocrx_word' id='word_1_327' title='bbox 846 3441 1022 3526; x_wconf 70' lang='lat' dir='ltr'><strong>partitiones,</strong></span> <span class='ocrx_word' id='word_1_328' title='bbox 1052 3454 1147 3528; x_wconf 76' lang='lat' dir='ltr'><strong>quidus</strong></span> <span class='ocrx_word' id='word_1_329' title='bbox 1163 3454 1196 3512; x_wconf 86' lang='lat' dir='ltr'><strong>de</strong></span> <span class='ocrx_word' id='word_1_330' title='bbox 1214 3459 1293 3512; x_wconf 84' lang='lat' dir='ltr'><strong>rebus</strong></span> 
     </span>
     <span class='ocr_line' id='line_1_37' title="bbox 300 3541 1291 3609; baseline -0.006 -10"><span class='ocrx_word' id='word_1_331' title='bbox 300 3541 420 3600; x_wconf 82' lang='lat' dir='ltr'><strong>dicturus</strong></span> <span class='ocrx_word' id='word_1_332' title='bbox 437 3545 511 3608; x_wconf 88' lang='lat' dir='ltr'><strong>esset,</strong></span> <span class='ocrx_word' id='word_1_333' title='bbox 530 3550 557 3595; x_wconf 89' lang='lat' dir='ltr'><strong>et</strong></span> <span class='ocrx_word' id='word_1_334' title='bbox 573 3543 740 3606; x_wconf 81' lang='lat' dir='ltr'><strong>collectiones,</strong></span> <span class='ocrx_word' id='word_1_335' title='bbox 759 3549 898 3592; x_wconf 79' lang='lat' dir='ltr'><strong>memoret</strong></span> <span class='ocrx_word' id='word_1_336' title='bbox 915 3551 982 3609; x_wconf 79' lang='lat' dir='ltr'><strong>quac</strong></span> <span class='ocrx_word' id='word_1_337' title='bbox 998 3551 1082 3595; x_wconf 84' lang='lat' dir='ltr'><strong>essent</strong></span> <span class='ocrx_word' id='word_1_338' title='bbox 1098 3544 1171 3595; x_wconf 86' lang='lat' dir='ltr'><strong>dicta</strong></span> <span class='ocrx_word' id='word_1_339' title='bbox 1186 3551 1291 3606; x_wconf 85' lang='lat' dir='ltr'><strong>contra,</strong></span> 
     </span>
     <span class='ocr_line' id='line_1_38' title="bbox 301 3621 1291 3702; baseline -0.005 -20"><span class='ocrx_word' id='word_1_340' title='bbox 301 3646 418 3702; x_wconf 79' lang='lat' dir='ltr'><strong>quaeque</strong></span> <span class='ocrx_word' id='word_1_341' title='bbox 439 3628 494 3696; x_wconf 85' lang='lat' dir='ltr'><strong>ipse</strong></span> <span class='ocrx_word' id='word_1_342' title='bbox 514 3621 630 3681; x_wconf 74' lang='lat' dir='ltr'><strong>elisisset,</strong></span> <span class='ocrx_word' id='word_1_343' title='bbox 681 3627 756 3680; x_wconf 82' lang='lat' dir='ltr'><strong>Mira</strong></span> <span class='ocrx_word' id='word_1_344' title='bbox 780 3631 821 3678; x_wconf 89' lang='lat' dir='ltr'><strong>est</strong></span> <span class='ocrx_word' id='word_1_345' title='bbox 843 3627 915 3683; x_wconf 88' lang='lat' dir='ltr'><strong>haee</strong></span> <span class='ocrx_word' id='word_1_346' title='bbox 940 3625 1106 3679; x_wconf 83' lang='lat' dir='ltr'><strong>constructio</strong></span> <span class='ocrx_word' id='word_1_347' title='bbox 1129 3627 1291 3678; x_wconf 84' lang='lat' dir='ltr'><strong>verborum.</strong></span> 
     </span>
     <span class='ocr_line' id='line_1_39' title="bbox 300 3707 1290 3781; baseline -0.005 -14"><span class='ocrx_word' id='word_1_348' title='bbox 300 3715 422 3781; x_wconf 74' lang='lat' dir='ltr'><strong>Orelliur</strong></span> <span class='ocrx_word' id='word_1_349' title='bbox 443 3709 515 3765; x_wconf 87' lang='lat' dir='ltr'><strong>beno</strong></span> <span class='ocrx_word' id='word_1_350' title='bbox 538 3711 655 3765; x_wconf 88' lang='lat' dir='ltr'><strong>coniecit</strong></span> <span class='ocrx_word' id='word_1_351' title='bbox 678 3729 776 3764; x_wconf 84' lang='lat' dir='ltr'><strong>memor</strong></span> <span class='ocrx_word' id='word_1_352' title='bbox 799 3727 905 3775; x_wconf 84' lang='lat' dir='ltr'><strong>soram,</strong></span> <span class='ocrx_word' id='word_1_353' title='bbox 932 3728 1007 3779; x_wconf 76' lang='lat' dir='ltr'><strong>qaae.</strong></span> <span class='ocrx_word' id='word_1_354' title='bbox 1040 3710 1123 3764; x_wconf 81' lang='lat' dir='ltr'><strong>Acad.</strong></span> <span class='ocrx_word' id='word_1_355' title='bbox 1140 3711 1166 3777; x_wconf 91' lang='lat'><strong>1,</strong></span> <span class='ocrx_word' id='word_1_356' title='bbox 1187 3707 1231 3776; x_wconf 81' lang='lat' dir='ltr'><strong>lt,-</strong></span> <span class='ocrx_word' id='word_1_357' title='bbox 1246 3711 1290 3762; x_wconf 75' lang='lat'><strong>37.</strong></span> 
     </span>
    </p>

    <p class='ocr_par' dir='ltr' id='par_1_4' title="bbox 300 3795 1290 3870">
     <span class='ocr_line' id='line_1_40' title="bbox 300 3795 1290 3870; baseline -0.008 -15"><span class='ocrx_word' id='word_1_358' title='bbox 300 3821 315 3856; x_wconf 92' lang='grc' dir='ltr'><strong>ο</strong></span> <span class='ocrx_word' id='word_1_359' title='bbox 323 3802 392 3870; x_wconf 86' lang='lat' dir='ltr'><strong>ficia</strong></span> <span class='ocrx_word' id='word_1_360' title='bbox 407 3806 495 3851; x_wconf 85' lang='lat' dir='ltr'><strong>autem</strong></span> <span class='ocrx_word' id='word_1_361' title='bbox 510 3804 535 3850; x_wconf 89' lang='lat' dir='ltr'><strong>et</strong></span> <span class='ocrx_word' id='word_1_362' title='bbox 548 3803 655 3849; x_wconf 89' lang='lat' dir='ltr'><strong>seruata</strong></span> <span class='ocrx_word' id='word_1_363' title='bbox 669 3795 908 3864; x_wconf 78' lang='lat' dir='ltr'><strong>praetermissaque</strong></span> <span class='ocrx_word' id='word_1_364' title='bbox 922 3797 1011 3852; x_wconf 86' lang='lat' dir='ltr'><strong>media</strong></span> <span class='ocrx_word' id='word_1_365' title='bbox 1024 3797 1150 3865; x_wconf 82' lang='lat' dir='ltr'><strong>putabat.</strong></span> <span class='ocrx_word' id='word_1_366' title='bbox 1173 3796 1290 3848; x_wconf 84' lang='lat' dir='ltr'><strong>Lambi-</strong></span> 
     </span>
    </p>

    <p class='ocr_par' dir='ltr' id='par_1_5' title="bbox 229 3875 1294 4289">
     <span class='ocr_line' id='line_1_41' title="bbox 229 3875 1293 3950; baseline -0.006 -13"><span class='ocrx_word' id='word_1_367' title='bbox 229 3893 235 3914; x_wconf 84' lang='lat'><strong><em>‘</em></strong></span> <span class='ocrx_word' id='word_1_368' title='bbox 299 3897 351 3938; x_wconf 83' lang='lat' dir='ltr'><strong>aas</strong></span> <span class='ocrx_word' id='word_1_369' title='bbox 367 3879 470 3936; x_wconf 85' lang='lat' dir='ltr'><strong>delevit</strong></span> <span class='ocrx_word' id='word_1_370' title='bbox 485 3891 519 3936; x_wconf 76' lang='lat' dir='ltr'><strong>et.</strong></span> <span class='ocrx_word' id='word_1_371' title='bbox 553 3882 643 3950; x_wconf 82' lang='lat' dir='ltr'><strong>Atque</strong></span> <span class='ocrx_word' id='word_1_372' title='bbox 659 3881 743 3934; x_wconf 86' lang='lat' dir='ltr'><strong>etium</strong></span> <span class='ocrx_word' id='word_1_373' title='bbox 759 3885 897 3932; x_wconf 82' lang='lat' dir='ltr'><strong>structura</strong></span> <span class='ocrx_word' id='word_1_374' title='bbox 911 3875 993 3932; x_wconf 84' lang='lat' dir='ltr'><strong>baius</strong></span> <span class='ocrx_word' id='word_1_375' title='bbox 1003 3879 1151 3946; x_wconf 80' lang='lat' dir='ltr'><strong>orationis,</strong></span> <span class='ocrx_word' id='word_1_376' title='bbox 1170 3888 1198 3934; x_wconf 87' lang='lat' dir='ltr'><strong>ot</strong></span> <span class='ocrx_word' id='word_1_377' title='bbox 1217 3881 1293 3950; x_wconf 86' lang='lat' dir='ltr'><strong>quod</strong></span> 
     </span>
     <span class='ocr_line' id='line_1_42' title="bbox 297 3959 1294 4037; baseline -0.006 -15"><span class='ocrx_word' id='word_1_378' title='bbox 297 3977 324 4022; x_wconf 88' lang='lat' dir='ltr'><strong>et</strong></span> <span class='ocrx_word' id='word_1_379' title='bbox 338 3992 374 4008; x_wconf 62' lang='lat'><strong>⁶·-</strong></span> <span class='ocrx_word' id='word_1_380' title='bbox 389 3987 437 4037; x_wconf 80' lang='lat' dir='ltr'><strong>que</strong></span> <span class='ocrx_word' id='word_1_381' title='bbox 448 3966 551 4019; x_wconf 88' lang='lat' dir='ltr'><strong>dictum</strong></span> <span class='ocrx_word' id='word_1_382' title='bbox 566 3971 702 4032; x_wconf 81' lang='lat' dir='ltr'><strong>essetpro</strong></span> <span class='ocrx_word' id='word_1_383' title='bbox 713 3962 791 4015; x_wconf 85' lang='lat' dir='ltr'><strong>simul</strong></span> <span class='ocrx_word' id='word_1_384' title='bbox 806 3972 848 4030; x_wconf 85' lang='lat' dir='ltr'><strong>et,</strong></span> <span class='ocrx_word' id='word_1_385' title='bbox 868 3963 1066 4017; x_wconf 83' lang='lat' dir='ltr'><strong>dubitationem</strong></span> <span class='ocrx_word' id='word_1_386' title='bbox 1082 3959 1157 4018; x_wconf 79' lang='lat' dir='ltr'><strong>baud</strong></span> <span class='ocrx_word' id='word_1_387' title='bbox 1171 3977 1294 4034; x_wconf 81' lang='lat' dir='ltr'><strong>parvam</strong></span> 
     </span>
     <span class='ocr_line' id='line_1_43' title="bbox 298 4035 1293 4119; baseline -0.003 -14"><span class='ocrx_word' id='word_1_388' title='bbox 298 4053 426 4106; x_wconf 76' lang='lat' dir='ltr'><strong>afferant.</strong></span> <span class='ocrx_word' id='word_1_389' title='bbox 460 4050 519 4104; x_wconf 84' lang='lat' dir='ltr'><strong>Nee</strong></span> <span class='ocrx_word' id='word_1_390' title='bbox 533 4035 678 4102; x_wconf 47' lang='lat' dir='ltr'><strong>minorem*</strong></span> <span class='ocrx_word' id='word_1_391' title='bbox 688 4045 722 4101; x_wconf 85' lang='lat' dir='ltr'><strong>de</strong></span> <span class='ocrx_word' id='word_1_392' title='bbox 735 4047 796 4100; x_wconf 87' lang='lat' dir='ltr'><strong>Fin.</strong></span> <span class='ocrx_word' id='word_1_393' title='bbox 812 4043 841 4115; x_wconf 72' lang='lat' dir='ltr'><strong>l,</strong></span> <span class='ocrx_word' id='word_1_394' title='bbox 854 4048 880 4115; x_wconf 79' lang='lat'><strong>8,</strong></span> <span class='ocrx_word' id='word_1_395' title='bbox 896 4046 939 4102; x_wconf 85' lang='lat'><strong>19.</strong></span> <span class='ocrx_word' id='word_1_396' title='bbox 957 4068 994 4102; x_wconf 87' lang='lat' dir='ltr'><strong>aa</strong></span> <span class='ocrx_word' id='word_1_397' title='bbox 1007 4045 1076 4119; x_wconf 77' lang='lat' dir='ltr'><strong>qaod</strong></span> <span class='ocrx_word' id='word_1_398' title='bbox 1091 4065 1166 4102; x_wconf 88' lang='lat' dir='ltr'><strong>ornae</strong></span> <span class='ocrx_word' id='word_1_399' title='bbox 1183 4045 1293 4103; x_wconf 84' lang='lat' dir='ltr'><strong>animal</strong></span> 
     </span>
     <span class='ocr_line' id='line_1_44' title="bbox 296 4128 1293 4206; baseline -0.003 -17"><span class='ocrx_word' id='word_1_400' title='bbox 296 4134 448 4206; x_wconf 67' lang='lat' dir='ltr'><strong>ipsumsibi</strong></span> <span class='ocrx_word' id='word_1_401' title='bbox 463 4129 694 4198; x_wconf 85' lang='lat' dir='ltr'><strong>commendatam,</strong></span> <span class='ocrx_word' id='word_1_402' title='bbox 721 4141 753 4185; x_wconf 90' lang='lat' dir='ltr'><strong>ut</strong></span> <span class='ocrx_word' id='word_1_403' title='bbox 767 4151 795 4185; x_wconf 89' lang='lat' dir='ltr'><strong>se</strong></span> <span class='ocrx_word' id='word_1_404' title='bbox 810 4141 837 4186; x_wconf 89' lang='lat' dir='ltr'><strong>et</strong></span> <span class='ocrx_word' id='word_1_405' title='bbox 851 4131 954 4186; x_wconf 61' lang='lat' dir='ltr'><strong>sabam</strong></span> <span class='ocrx_word' id='word_1_406' title='bbox 970 4128 998 4185; x_wconf 89' lang='lat' dir='ltr'><strong>in</strong></span> <span class='ocrx_word' id='word_1_407' title='bbox 1012 4151 1060 4187; x_wconf 89' lang='lat' dir='ltr'><strong>suo</strong></span> <span class='ocrx_word' id='word_1_408' title='bbox 1070 4145 1169 4205; x_wconf 80' lang='lat' dir='ltr'><strong>genere</strong></span> <span class='ocrx_word' id='word_1_409' title='bbox 1184 4131 1293 4188; x_wconf 85' lang='lat' dir='ltr'><strong>incolu-</strong></span> 
     </span>
     <span class='ocr_line' id='line_1_45' title="bbox 297 4207 1293 4289; baseline -0.002 -15"><span class='ocrx_word' id='word_1_410' title='bbox 297 4231 387 4289; x_wconf 75' lang='lat' dir='ltr'><strong>taeqttc</strong></span> <span class='ocrx_word' id='word_1_411' title='bbox 402 4213 501 4272; x_wconf 74' lang='lat' dir='ltr'><strong>cettei?</strong></span> <span class='ocrx_word' id='word_1_412' title='bbox 520 4212 569 4272; x_wconf 86' lang='lat' dir='ltr'><strong>ubi</strong></span> <span class='ocrx_word' id='word_1_413' title='bbox 584 4214 658 4272; x_wconf 84' lang='lat' dir='ltr'><strong>idem</strong></span> <span class='ocrx_word' id='word_1_414' title='bbox 664 4207 815 4286; x_wconf 80' lang='lat' dir='ltr'><strong>Lambinus</strong></span> <span class='ocrx_word' id='word_1_415' title='bbox 829 4211 974 4272; x_wconf 83' lang='lat' dir='ltr'><strong>delendum</strong></span> <span class='ocrx_word' id='word_1_416' title='bbox 985 4225 1011 4274; x_wconf 86' lang='lat' dir='ltr'><strong>et</strong></span> <span class='ocrx_word' id='word_1_417' title='bbox 1026 4211 1085 4275; x_wconf 79' lang='lat' dir='ltr'><strong>este</strong></span> <span class='ocrx_word' id='word_1_418' title='bbox 1096 4219 1211 4274; x_wconf 87' lang='lat' dir='ltr'><strong>indicat.</strong></span> <span class='ocrx_word' id='word_1_419' title='bbox 1248 4223 1293 4272; x_wconf 87' lang='lat' dir='ltr'><strong>lle</strong></span> 
     </span>
    </p>
   </div>
   <div class='ocr_carea' id='block_1_4' title="bbox 0 0 1406 4732">
    <p class='ocr_par' dir='ltr' id='par_1_6' title="bbox 0 0 1406 4732">
     <span class='ocr_line' id='line_1_46' title="bbox 0 0 1406 4732; baseline 0 5"><span class='ocrx_word' id='word_1_420' title='bbox 0 0 1406 4732; x_wconf 95' lang='lat' dir='ltr'><strong> </strong></span> 
     </span>
    </p>
   </div>
  </div>
 </body>
</html>
