2802 4732
547 371 721 442 nunu.
1103 329 1174 454 sse

110 533 193 599 haec
216 527 382 628 expositio
409 549 482 599 non
510 533 586 595 uno'
605 529 642 594 in
656 527 744 595 toco
770 529 933 597 ostendet.
979 528 1034 600 'De
1064 558 1170 626 neque
1264 512 1267 520 .

110 619 220 687 etiam
238 617 311 682 vrde
331 638 367 680 n.
387 618 438 680 14.

146 779 148 784 ¹
196 709 250 770 22.
279 703 372 768 Duae
400 723 452 767 res
476 700 522 765 ita
547 702 707 791 componi
728 710 890 787 possunt,
921 713 959 768 ut
983 709 1041 771 reb
1062 707 1171 795 ulique

91 790 242 856 ‘dicatur
259 799 393 876 praeter
409 787 506 852 aliam
523 787 636 854 locum
660 785 800 870 haberet
823 785 912 853 unde
933 789 1020 855 fiunt
1041 791 1173 859 forinuss

114 877 169 948 loe¹
184 901 254 942 nou
271 874 432 940 modo-
448 873 509 940 sed
532 877 658 956 etiam,
691 897 761 938 nou
783 873 893 938 saltim
909 911 951 929 -
967 877 1031 944 sect
1053 882 1172 947 etiam.

113 963 203 1028 Nnnn
224 962 282 1027 ubi
302 962 392 1026 deest
411 961 542 1050 etium,
568 960 714 1049 simplex
735 957 796 1025 sed
819 960 960 1044 indicat,
980 965 1018 1029 in
1039 962 1087 1031 rei
1111 969 1173 1033 oii-

113 1051 206 1114 cuius
237 1049 352 1113 locum
388 1047 477 1111 eliud
506 1049 587 1134 quid
616 1049 721 1112 maius
752 1047 803 1110 vel
833 1049 944 1132 potius
977 1053 1172 1118 succedere:

112 1137 209 1202 nicbt
234 1157 359 1199 nur—
379 1133 529 1199 condem
553 1134 724 1201 uielmebr.
774 1133 943 1200 Differunt
970 1136 1050 1202 hneo
1071 1141 1176 1228 igitur.
1260 1135 1262 1140 ⁵
1364 1183 1369 1193 ·

113 1225 186 1309 ipso
205 1220 463 1308 significatione,
493 1243 562 1285 non
581 1223 613 1286 vi
632 1221 809 1294 orationis,
833 1231 871 1284 ut
888 1223 933 1286 ait
953 1225 1170 1313 Gpereneius.

114 1308 181 1372 Sed
200 1329 305 1372 unum
322 1307 429 1372 etium
443 1306 528 1370 hunc
546 1308 696 1372 eamdem
714 1305 987 1392 significationem
1010 1311 1111 1377 habet
1130 1315 1167 1378 -in

113 1395 244 1458 inverso
261 1393 427 1474 erutione,
450 1393 506 1457 ubi
528 1405 582 1457 out
600 1395 701 1458 altera
727 1395 907 1458 sententiae
932 1419 1009 1483 pars
1032 1399 1171 1466 relativo

114 1480 336 1568 exprimitur,
358 1490 497 1552 autnon
513 1481 623 1544 sotum
636 1479 866 1569 postponitur.
928 1545 932 1553 ,

203 1602 300 1655 scaea.
315 1600 349 1653 B.
368 1600 435 1669 gall.
451 1598 482 1665 6,
499 1600 542 1654 43.
557 1606 699 1669 sarmenta
715 1619 769 1654 aon
785 1602 869 1654 solum
889 1621 912 1671 a,
922 1610 1001 1657 tauta
1022 1607 1173 1662 multitudi-

184 1704 218 1740 ae
233 1687 409 1740 iumentorum
431 1694 511 1755 atque
527 1689 662 1741 bominum
684 1687 918 1752 consumebantur,
938 1691 985 1741 scd
1002 1693 1084 1746 etiam
1106 1698 1174 1748 auai

184 1780 300 1841 tempore
332 1778 411 1840 atque
439 1768 568 1825 imbribus
593 1774 799 1842 accubuerunt.
857 1771 1067 1844 Oudendorpins
1089 1797 1174 1848 quum

194 1859 276 1914 etiam
291 1856 378 1910 deleri
393 1875 473 1926 porse
496 1857 660 1912 anctoritate
677 1857 736 1909 cod.
753 1873 831 1910 oxon.
847 1863 938 1927 putat,
960 1877 1013 1928 qno
1036 1853 1175 1917 discrimi-

184 1961 221 1998 ne
244 1944 319 1997 haec
344 1941 460 2009 distant,
478 1961 532 1996 non
556 1947 730 2012 perspectum
746 1943 851 1996 habet..
874 1943 946 1996 Nam
969 1943 993 1996 si
1017 1945 1175 2002 omittamus

183 2031 281 2092 etiam,
302 2027 439 2105 sententia
457 2029 527 2094 erit,
546 2027 686 2079 frumenta
700 2043 755 2079 non
769 2033 827 2079 tam
841 2044 858 2080 a
872 2028 1001 2082 iumentis
1018 2037 1101 2100 atque
1124 2035 1176 2087 ho-

187 2113 309 2168 minibus
333 2117 494 2182 cousumpta
517 2113 603 2166 fuisso
630 2111 809 2185 quamlanni
836 2118 960 2182 tempore
988 2119 1175 2182 procubuisse.

185 2209 241 2263 Sed
263 2209 369 2261 Caesar
396 2200 479 2266 dixit,
505 2206 650 2266 utrumque
673 2197 759 2251 fnisse
781 2214 906 2252 caussam
928 2199 1095 2257 detrimenti.
1129 2205 1177 2259 Sic

187 2293 213 2361 1,
231 2293 273 2346 18,
292 2289 404 2362 imperio
416 2282 511 2358 populi
526 2284 632 2338 romani
646 2301 699 2336 aon
713 2284 791 2336 modo
803 2285 835 2337 de
851 2301 952 2354 regno,
973 2287 1021 2339 set
1042 2290 1123 2342 etiam
1145 2293 1178 2344 de
1194 2275 1198 2293 .

186 2397 234 2443 ea,
252 2395 333 2448 quam
354 2376 471 2436 babeat,
488 2370 582 2442 gratia
604 2369 745 2439 desperare
762 2397 797 2413 -ν
810 2369 999 2427 necessarium
1022 2378 1064 2426 est
1087 2377 1176 2443 etiam,
1282 2433 1285 2440 ,

142 2463 261 2534 sqnod
283 2462 380 2514 abesse
404 2472 485 2527 posse
508 2453 600 2508 critici
630 2453 821 2525 opinabantur,
837 2513 847 2523 ⁸
863 2454 921 2509 cic.
945 2455 1022 2511 Orat.
1049 2457 1092 2525 et,
1117 2459 1178 2531 131,

187 2566 234 2600 uec
256 2564 319 2600 aero
343 2544 513 2600 miseratione
534 2540 618 2593 sotum
638 2558 711 2614 saeris
732 2541 849 2594 iudicum
869 2543 1049 2610 permovenda
1071 2552 1124 2611 est,
1143 2576 1178 2586 -
1265 2549 1270 2560 ’

187 2633 331 2687 sedetiam
345 2638 383 2684 est
398 2630 573 2697 faciendum,
594 2633 625 2680 ut
646 2627 782 2682 irascatur
803 2627 891 2683 iudea.
925 2627 1073 2682 Pervertes
1091 2633 1177 2684 totam

186 2716 369 2780 sententiani,
394 2714 418 2766 si
442 2730 504 2766 cum
534 2710 689 2767 Goerenzio
717 2710 853 2764 obieceris
874 2701 970 2763 ctiam.-
996 2711 1045 2765 sed
1066 2701 1178 2776 benaa

188 2801 270 2855 codd.
290 2799 470 2854 restituerunt
492 2796 647 2851 'Schiitzins
677 2801 705 2849 et
727 2797 863 2869 ,Meyerus
892 2797 938 2850 sed
962 2804 1002 2850 est
1020 2799 1178 2865 faciendam

189 2889 279 2941 etiam.
316 2884 375 2940 cic.
393 2883 426 2934 de
444 2881 661 2947 0ffi1‚28‚99.
680 2900 744 2937 uam
758 2883 914 2952 negligere,
932 2882 997 2950 quid
1018 2884 1051 2936 de
1066 2901 1093 2937 se
1107 2885 1178 2952 quis-

190 2990 240 3042 que
254 2972 372 3033 sentiat,
393 2986 447 3020 uon
463 2969 548 3019 sotum
562 2968 721 3037 arrogantis
734 2974 792 3030 est,
811 2967 858 3019 sed
875 2967 955 3018 etiam
972 2969 1078 3022 omniuo
1092 2969 1178 3022 disso-

190 3057 280 3110 sotuti.
316 3052 414 3108 critici
435 3069 524 3121 nuper
548 3050 714 3106 auctoritate
739 3049 855 3102 duorum
873 3049 1014 3107 librorum
1037 3053 1180 3108 eiecerunt

189 3142 280 3206 etiam,
300 3142 490 3206 comparantes
505 3135 539 3187 de
556 3136 634 3191 Orat.
649 3134 677 3198 2,
693 3133 736 3199 41,
753 3133 813 3189 1Ί5.
831 3135 903 3218 nibil
916 3137 984 3200 erit,
1003 3139 1073 3204 quod
1087 3144 1178 3192 orato-

190 3237 275 3282 torem
289 3227 408 3294 effugere
421 3221 521 3293 possit,
540 3238 594 3272 noa
616 3221 693 3272 modo
713 3220 742 3272 io
758 3221 912 3288 forensibus
936 3220 1178 3289 disceptationibus,
1243 3244 1247 3256 ¹

178 3309 238 3367 'sed
261 3310 368 3366 omniuo
390 3308 421 3360 io
439 3307 494 3358 utto
521 3305 756 3374 generedicendi.
797 3305 834 3359 At
860 3319 916 3374 qua
944 3305 1015 3362 baec
1037 3304 1179 3371 differunt,
1238 3315 1242 3322 ’

195 3395 258 3468 ipse
272 3401 314 3448 est
328 3391 482 3463 particulae
494 3388 658 3458 proprietas.

227 3499 286 3554 cic.
309 3498 344 3549 de
364 3495 425 3550 Fin.
448 3492 474 3558 5,
489 3491 515 3556 3,
531 3490 558 3548 b.
582 3499 609 3545 te
632 3498 722 3546 autes
742 3495 886 3554 hortamur
910 3509 999 3550 omues
1020 3521 1056 3534 -
1079 3500 1111 3550 ut
1126 3511 1179 3562 eos,
1237 3459 1244 3470 .

191 3596 256 3656 quos
271 3583 374 3636 uouisse
389 3581 447 3646 ais,
462 3579 542 3633 ctiam
558 3577 662 3634 imitari
675 3580 748 3638 vetis.
933 3580 941 3608 ⁸

228 3685 287 3741 cic.
306 3685 342 3738 ad
356 3685 411 3742 nu.
427 3683 461 3748 2,
476 3681 519 3738 21.
539 3689 569 3735 ut
590 3681 635 3762 itte
648 3689 705 3735 tum
723 3683 846 3750 humitis,
863 3690 894 3736 ut
913 3683 1040 3738 demissus
1056 3687 1131 3746 erat,
1150 3687 1180 3734 ut

190 3774 248 3843 ipse
261 3772 343 3825 etiam
357 3769 416 3834 sibi,
434 3786 489 3822 ooo
504 3767 538 3820 iis
553 3767 646 3833 sutrim,
661 3767 848 3848 quiaderaut,
867 3767 1031 3837 displicebat.
1049 3784 1076 3834 p.
1084 3766 1180 3822 Plane.

192 3856 238 3922 12,
253 3855 297 3911 30.
317 3855 470 3910 bimaritum
486 3853 624 3922 appellas,
642 3862 673 3908 ut
692 3854 774 3906 verba
794 3854 875 3906 ctiam
890 3855 1003 3922 fingas,
1021 3869 1076 3904 acu
1095 3852 1182 3904 sotum
1265 3877 1270 3886 ,

193 3942 316 3994 erimina.
337 3939 371 3990 de
388 3935 542 4003 0ff.tt‚1tt‚
558 3935 605 3992 Π..
619 3939 680 3990 buic
696 3938 783 4011 igitur
797 3939 854 3992 viro
870 3938 951 4001 bono,
970 3953 1045 4004 quem
1059 3935 1181 3990 Fimbria
1191 3937 1204 3986 ’.

194 4025 293 4088 ettam,
311 4039 366 4078 eoa
380 4024 458 4078 modo
471 4023 594 4078 Socrates
608 4029 734 4089 uouerat,
754 4023 828 4078 audo
843 4021 919 4076 modo
930 4021 1016 4075 videri
1026 4026 1113 4092 potest
1127 4023 1180 4074 etc.
1227 4067 1228 4076 ,

197 4107 233 4162 ad
250 4108 330 4164 Fam.
344 4107 370 4174 t,
384 4106 427 4175 lt,
443 4107 469 4164 8.

215 4213 267 4278 23.
297 4191 509 4300 Quarnquarir
534 4209 573 4278 dc
598 4209 649 4276 his
665 4210 820 4282 formulis
843 4211 879 4278 in
903 4229 974 4277 voc.
998 4225 1072 4278 Nou
1094 4206 1182 4277 infra
