2782 4730
594 391 664 458 ax.
1080 402 1145 466 car
1178 479 1182 482 ,

170 551 238 607 tium
255 567 377 606 aucorem.
413 547 520 603 Comei.
542 549 624 602 Paos.
639 545 666 612 «t,
683 543 708 600 i.
736 545 805 598 uano
826 548 904 600 iuxta
925 549 1007 602 locum
1020 553 1144 618 fecerunt

171 627 322 700 subterra,
343 653 376 688 ex
391 653 440 704 quo
454 639 541 702 puroet
556 633 663 696 audire,
683 630 708 683 ci
722 631 779 698 puie
793 632 940 699 loqueretur
956 651 1012 686 curn
1028 638 1144 707 Argilio.

174 715 329 774 Giintheras
355 721 496 788 comparat
523 715 694 769 homericum
726 713 868 783 κλισίηθεν
908 711 1032 782 οἰκούσας
1064 721 1143 776 iliad.

170 805 214 872 11,
228 803 289 859 oct:
627 857 630 870 .

206 907 316 960 Sueten.
336 903 399 958 Tin.
410 899 454 955 83.
471 898 617 972 iudicesque
631 908 679 955 aut
691 919 705 956 e
716 903 799 972 pluro
814 909 887 956 aute
903 907 1045 972 praestaria
1058 909 1144 960 tritu·

170 992 229 1052 noli
244 991 409 1043 admouebat.
445 985 502 1040 cic.
527 1005 554 1055 p.
577 987 654 1055 Iunge
676 987 750 1039 Mau.
775 985 801 1051 8,
820 987 863 1039 21.
894 1007 912 1039 a
931 991 1004 1041 nulio
1025 991 1142 1056 ictorum,

172 1077 218 1146 pai
234 1076 295 1128 huic
310 1075 455 1126 obtrectant
468 1071 524 1140 logi
539 1076 616 1138 etproe
632 1087 755 1134 caussae,
781 1071 1143 1129 amicumamicumi:

170 1162 219 1213 icoo
235 1160 289 1210 loco
305 1173 357 1209 croc
375 1157 521 1208 laudatum.
556 1152 601 1217 17,
614 1153 656 1206 52.
681 1171 714 1206 cx
732 1156 779 1208 hoc
793 1155 919 1223 ipsorum
932 1161 1064 1226 permulta
1080 1161 1144 1213 item

170 1248 263 1295 contra
279 1257 336 1294 eam
351 1240 431 1290 corta
439 1238 538 1304 fecisti.
578 1238 609 1289 Iu
623 1237 667 1289 his
683 1255 747 1291 vero
763 1238 834 1291 ratio
848 1240 994 1294 verborum
1009 1243 1142 1296 maximo-

169 1325 341 1394 praevalet,
361 1341 449 1392 neque
468 1309 562 1375 omnie'
580 1327 689 1388 possunt
709 1339 770 1374 cum
787 1323 841 1374 hac
863 1325 1063 1392 praepositione
1078 1345 1142 1379 con-

168 1408 256 1478 iungi.
281 1410 374 1476 Quare
387 1407 489 1471 nescio,
505 1423 540 1460 an
553 1423 606 1458 nou
616 1406 700 1474 possit
712 1406 832 1474 probari,
849 1408 918 1475 quod
930 1409 995 1461 dant
1010 1410 1062 1462 duo
1076 1409 1142 1464 libri

87 1517 92 1530 ·
168 1493 505 1563 inorat.p.11cgotian.
527 1490 571 1556 lt,
591 1490 635 1544 42.
662 1493 717 1544 iam
732 1498 859 1560 quantum
876 1494 996 1557 consitio,
1015 1503 1143 1562 quantum

167 1576 272 1630 dicendi
285 1579 422 1648 gravitate
438 1583 468 1629 et
483 1577 559 1645 copia
576 1577 664 1628 caleat
676 1602 711 1612 -
728 1592 788 1640 cor,
816 1576 945 1640 Quirites,
969 1579 1016 1629 iroc
1037 1579 1094 1648 ipro
1108 1597 1143 1634 ecc

167 1661 222 1714 ioco
235 1679 312 1732 carpe
327 1660 467 1731 cognortie.
500 1659 589 1728 Vulgo
608 1658 710 1728 legitur
729 1659 759 1711 ia
772 1659 835 1712 ioco.
869 1659 940 1712 Illud
961 1660 1142 1730 ambiguitate

170 1745 288 1800 laborat.

203 1847 251 1900 Sic
265 1845 365 1899 dicitnr
379 1863 412 1899 cx
426 1846 512 1898 libello
528 1844 562 1898 de
576 1861 625 1910 eo,
652 1843 699 1912 qui
715 1861 748 1897 ex
763 1844 858 1900 libello
873 1846 951 1916 quasi
966 1847 1031 1918 agit.
1068 1849 1139 1906 Plin.

166 1931 254 2000 Epist·
268 1930 294 1996 6,
309 1931 336 1995 5,
351 1931 377 1984 t.
404 1939 430 1984 et
452 1931 540 1982 Gcicur
561 1929 657 1999 Nepoti
679 1946 711 1980 cx
733 1930 820 1982 libello
843 1934 989 1998 respoudit,
1020 1942 1045 1986 ct
1068 1935 1142 1990 Cetea

166 2016 253 2084 Nepos
265 2015 454 2083 pugillaribus.

176 2115 235 2180 25.
269 2114 352 2178 Sunt
374 2113 511 2178 nomina
535 2113 660 2176 itineris
686 2123 718 2177 et
738 2105 834 2200 fugae
862 2124 894 2177 et
916 2113 1055 2184 fortasse
1079 2123 1140 2188 alia

100 2197 198 2264 huius
214 2199 358 2288 generis,
389 2220 489 2285 quae,
522 2220 623 2284 quum
643 2209 794 2262 narratur
808 2199 928 2284 aliquid
946 2215 1054 2268 actum
1071 2229 1139 2272 esse

102 2284 142 2348 ab
159 2284 217 2362 iis,
244 2284 298 2369 qui
314 2285 348 2347 in
363 2283 479 2348 itinere
503 2284 552 2348 vel
569 2285 601 2347 in
619 2283 696 2368 fuga
710 2284 827 2347 versati
843 2297 965 2366 esseut,
988 2311 1062 2352 cum
1077 2290 1139 2356 hac

127 2371 347 2457 racpositioue
371 2380 633 2456 componuntur,
660 2369 722 2432 'ubi
745 2391 807 2431 nos
829 2369 966 2434 dicimus
990 2395 1052 2436 uon
1078 2375 1140 2440 der

100 2392 199 2520 iieice
215 2477 295 2532 auc,
319 2455 446 2541 saepius
463 2477 540 2519 vero
558 2454 623 2539 uris
637 2452 699 2517 der
712 2451 819 2517 Reice.
864 2457 1015 2521 Attamen
1032 2463 1139 2524 omnis

100 2539 180 2604 haec
197 2541 281 2607 ratio
299 2541 415 2604 nititur
428 2541 462 2603 iu
479 2540 601 2617 verbis,
625 2561 707 2625 quae
724 2539 930 2603 emissionem
946 2541 994 2605 vei
1015 2545 1139 2610 exitum

101 2635 157 2688 aut
172 2621 370 2709 significant,
388 2635 444 2688 aut
456 2625 490 2688 id
504 2627 639 2712 cogitari
652 2624 775 2688 iubeat.
819 2624 926 2689 Veluti
945 2649 1044 2712 quum
1064 2631 1137 2693 Sai-

100 2709 217 2775 lustius
241 2709 310 2798 lug.
336 2716 386 2787 18,
403 2717 435 2772 4.
455 2709 607 2797 scripsit:
639 2710 742 2774 victua
758 2733 797 2772 cx
810 2710 940 2858 proelio
951 2760 961 2791 ,
978 2711 1148 2803 profugit

101 2793 372 2880 inprociacium.
388 2795 540 2880 cogitavit
559 2795 810 2881 victumiuproe
826 2796 868 2873 ic,
883 2798 937 2859 sed
948 2821 1140 2863 accommo-

101 2879 189 2944 davit
211 2883 405 2946 sententiam
433 2881 533 2944 verbo
551 2877 749 2979 profugere.
805 2881 913 2960 Quare
937 2905 1007 2946 non
1030 2895 1138 2971 potest

101 2963 166 3029 dici
182 2965 315 3030 litterar
331 2965 485 3052 occipere
502 2989 541 3030 ccc
555 2967 695 3043 itinere,
719 2964 775 3028 sed
796 2967 912 3029 Caesar
926 2968 962 3031 B.
974 2970 1033 3034 civ.
1049 2971 1147 3050 1,25.

101 3060 231 3137 poterat
255 3051 360 3114 dicere
388 3051 539 3137 legiones
566 3072 606 3114 er
635 3051 755 3114 itinere
779 3051 1001 3135 compleuerat
1009 3054 1139 3140 ,rquod

68 3197 70 3201 ,
104 3135 188 3198 dixit
210 3135 248 3198 in
272 3135 403 3199 itinere.
448 3135 512 3200 Sed
535 3135 739 3220 grammatici
765 3155 869 3221 nuper
893 3137 972 3200 haec
995 3139 1034 3202 ad
1058 3161 1140 3203 cou-

101 3221 332 3307 sequutioncm
347 3229 379 3284 ct
396 3231 528 3306 tempus
543 3218 665 3283 referre
677 3219 883 3301 maluerunt,
906 3223 997 3306 quasi
1014 3221 1140 3289 dicere-

100 3315 156 3368 tur
168 3303 258 3392 fuga
268 3301 387 3456 gocia,
411 3306 479 3369 sive
498 3303 616 3368 atatim
630 3315 709 3389 poet
727 3301 766 3392 fu
797 3326 865 3369 am.
916 3307 976 3370 Vd.
1000 3308 1139 3396 Herzog.

103 3390 144 3456 od
161 3391 251 3456 Caes.
297 3389 398 3476 .gall.
417 3393 447 3470 6,
466 3389 520 3454 85.
557 3389 717 3453 Giinther.
742 3326 796 3453 od
807 3389 1047 3478 Cornel.·Ages.
1063 3396 1095 3476 4,
1108 3399 1138 3462 6.

102 3474 164 3541 Cui
184 3476 365 3542 sententiae
388 3475 459 3563 ipsa
484 3474 635 3559 exempla
658 3487 854 3562 repugnant.

202 3596 314 3649 Sallust.
332 3595 392 3648 cat.
406 3593 450 3659 et,
465 3593 491 3647 2.
512 3592 630 3645 Catilina
649 3611 682 3645 ecc
705 3595 799 3646 itinere
816 3595 946 3665 plerisque
960 3597 1140 3651 consularibus
1227 3649 1230 3654 .

168 3679 270 3732 litterar
283 3681 372 3733 mittit.
407 3679 464 3732 (iic.
478 3677 513 3731 ad
527 3678 604 3730 Fam.
617 3676 642 3740 3,
659 3676 686 3742 9,
699 3676 725 3729 2.
742 3694 805 3729 nam
821 3680 1048 3747 praeordinare,
1064 3688 1140 3734 ante-

171 3779 249 3830 quam
263 3781 297 3816 err
311 3764 378 3816 Ario
397 3779 517 3832 egrcecue
538 3779 579 3828 cs,
606 3762 643 3814 od
657 3778 697 3813 mc
712 3762 814 3814 litterae
830 3763 923 3815 mieicti
936 3768 987 3816 etc.
1021 3763 1081 3816 Lir.
1095 3761 1140 3832 35,

169 3844 212 3911 rt,
227 3845 252 3899 8.
279 3849 364 3902 vaes.
379 3848 412 3900 B.
428 3847 495 3916 gall.
510 3846 536 3910 2,
552 3843 579 3898 6.
603 3845 632 3896 id
653 3861 687 3896 ea
707 3843 801 3897 itinere
815 3863 914 3916 magno
925 3848 1025 3915 ¹impetu
1037 3849 1142 3917 Belgae

169 3947 327 4008 oppugnare
347 3938 491 3999 coeperunt.
523 3929 571 3984 ubi
598 3928 754 3998 Herzogius
778 3947 860 3999 quum
886 3931 987 3983 milites
1010 3931 1142 4000 intelligit

172 4013 293 4082 paullum
317 4015 354 4084 de
374 4013 420 4068 via
443 4015 618 4080 decedentes,
651 4013 771 4068 alienum
791 4032 898 4070 sensum
920 4015 1058 4070 admiscet.
1091 4015 1142 4070 use

171 4113 237 4150 vero
258 4093 287 4162 ἐξ
305 4094 421 4166 ἐφόδου.
1098 4153 1099 4160 ,

208 4181 284 4238 Caes.
300 4181 333 4236 B.
351 4181 404 4235 civ.
419 4180 446 4246 1,
464 4179 506 4236 24.
532 4181 664 4240 reducitur
681 4185 718 4238 od
732 4201 790 4236 eura
807 4183 979 4252 depretionem
998 4200 1030 4236 ox
1049 4181 1143 4237 itinere

784 4267 854 4335 40*
