2802 4732
240 389 320 484 '553
384 437 386 441 -
711 380 865 475 sumn.

329 602 334 609 -
360 561 452 620 Pluut.
467 564 553 618 Poen.
567 563 593 630 1,
601 499 634 629 ἱ2,
648 559 693 617 68.
718 581 766 618 ru.
793 561 834 618 De
855 563 1006 634 tequidem
1027 565 1094 622 inec
1114 555 1206 624 didiei'
1218 571 1315 628 omnio.

245 689 246 694 ,
327 668 370 706 nr.
389 651 567 706 Etiamne-ut
584 666 746 716 emessam,
765 668 844 720 orsum
859 657 1004 720 66666666
1018 652 1163 723 tetigeris?

359 755 447 808 l'nrro
463 755 497 807 de
512 754 556 806 Re
572 771 595 807 r.
610 752 643 820 1,
658 753 685 819 1,
699 752 725 806 8.
744 770 828 823 neque
839 754 935 824 potior
949 756 1080 824 Sibyllam
1095 775 1149 811 non
1170 760 1256 813 solum
1278 779 1317 816 ee·

176 884 185 909 ,
321 843 436 906 emisse,
463 857 551 910 qnae,
577 841 641 892 dnm
663 839 777 906 viseret,
802 841 959 908 prodessent
981 843 1147 909 nominibus,
1166 845 1214 898 sed
1235 848 1316 900 etium

189 913 211 956 Υ
257 925 258 930 ’
282 951 283 956 ¹
328 944 396 998 quoe
412 944 491 996 66606
507 907 711 994 perimetipsu,
730 931 756 978 et
777 925 807 978 id
821 926 902 979 etium
915 927 1088 996 ignotissimis
1109 909 1209 998 quoqne
1234 932 1316 984 leomi-

326 1016 423 1077 niens„
448 1009 696 1076 Plout.1’seue.1‚
711 1009 739 1076 a,
757 1009 816 1064 118.
838 1011 990 1065 iuravistin'
1002 1020 1028 1067 te
1043 1015 1120 1068 illum
1133 1016 1204 1068 nulli
1224 1017 1317 1070 nenii-

211 1135 214 1146 .
271 1147 273 1160 ,
326 1109 417 1154 eornm
443 1096 496 1150 nisi
522 1097 614 1150 enisi?
647 1113 693 1151 un.
729 1095 837 1149 Fateor.
873 1113 917 1151 66.
951 1097 1051 1167 Nempe
1072 1101 1203 1170 conseptis
1224 1103 1315 1156 seriis.

327 1202 374 1240 us.
409 1184 504 1237 Etiam
519 1181 644 1236 consultis
658 1175 767 1252 666660.
801 1179 877 1234 Asin.
899 1180 967 1248 2,4,
980 1181 1026 1236 95.
1061 1183 1160 1238 Cicero
1177 1186 1232 1238 hoe
1254 1186 1313 1257 qui-

328 1270 392 1322 dem
414 1267 511 1321 ordine
534 1265 646 1320 videtum
668 1282 817 1335 numquam
847 1267 1032 1334 composuisse
1058 1268 1131 1322 lines
1156 1272 1261 1336 verbu,
1289 1278 1317 1326 nt

262 1359 265 1368 ⁴
324 1356 406 1410 eninm
424 1370 525 1424 qnoque
550 1353 584 1406 ui
604 1368 693 1405 «unum
713 1369 813 1404 nomen
834 1353 1013 1422 referrentur.
1047 1354 1120 1407 Num
1142 1373 1213 1424 qnue
1233 1359 1315 1427 Wop-

326 1439 531 1509 kenslnsllreet.
550 1438 625 1491 Tull.
647 1454 673 1505 p.
689 1435 750 1490 255.
769 1436 858 1505 (184.)
883 1438 992 1503 attulit,
1012 1444 1060 1491 unt
1082 1439 1174 1494 alienu
1195 1450 1244 1497 eut
1264 1461 1314 1497 non

327 1526 439 1595 integra
454 1529 524 1578 sunt.
560 1525 603 1576 De
616 1523 678 1574 loeo
703 1521 762 1574 Cle.
784 1522 819 1574 de
840 1521 903 1576 Not.
927 1521 1113 1590 (1.1,2666
1147 1527 1212 1581 vide
1230 1547 1257 1598 p.
1274 1529 1313 1583 44.

306 1611 360 1675 ,ne
374 1612 452 1666 Oret.
470 1609 496 1676 1,
510 1607 554 1674 26,
576 1607 636 1662 119.
657 1606 771 1676 quidem
786 1607 863 1660 codol.
890 1608 1040 1674 praebent:
1065 1610 1133 1664 milei
1152 1614 1235 1666 etiam
1252 1632 1314 1683 qno-

325 1715 375 1768 que
399 1698 445 1766 oni
465 1696 562 1765 optime
586 1694 732 1746 (60661-
755 1694 920 1768 impudentes
942 1695 1077 1747 videntur.
1119 1696 1208 1750 Nemo
1232 1699 1313 1752 hodie

320 1781 451 1851 prebebit
465 1781 545 1834 lineo.
580 1775 858 1852 1616600066214.
879 1793 952 1830 nnue
973 1778 1148 1835 restitutum.
1172 1790 1212 1836 est
1234 1786 1313 1838 etiem

323 1884 406 1937 quere
430 1872 483 1919 ete.
519 1863 575 1918 Sed
596 1863 631 1928 6,
647 1862 708 1916 298.
730 1870 770 1918 est
796 1864 877 1917 etiem
898 1877 998 1933 quoqne
1017 1866 1111 1935 pocati
1135 1873 1226 1920 statne
1244 1871 1312 1922 nisis

325 1953 379 2018 ille.
398 1950 425 2018 5,
442 1948 503 2004 518,
521 1949 581 2003 663.
599 1947 660 2003 154.
679 1947 706 2014 6,
721 1947 782 2003 566.
819 1947 926 2002 Gellius
944 1948 1048 2015 18,12.
1070 1957 1157 2019 potest
1179 1953 1261 2008 etium
1286 1956 1314 2010 ie

324 2055 426 2112 quoqne
445 2039 479 2090 nl>
498 2038 588 2102 eodem
608 2037 729 2090 Varrone
744 2063 779 2073 —
795 2034 919 2087 similiter
935 2036 1036 2089 dietum
1051 2035 1146 2088 videri.

358 2141 450 2196 Pluut.
468 2143 553 2195 Poeu.
569 2120 644 2208 proli
661 2137 704 2192 49.
726 2147 753 2192 et
767 2140 815 2191 lene
837 2156 936 2208 quoqne
959 2113 1049 2192 etiem.
1084 2137 1164 2207 Epis.
1185 2138 1211 2205 4,
1227 2141 1254 2208 2,
1272 2141 1311 2195 19.

322 2228 393 2294 iane
406 2245 505 2296 qnoque
519 2228 615 2292 etiam,
634 2227 658 2279 si
672 2243 713 2277 me
724 2225 843 2294 appellet
850 2224 952 2291 fitium,
967 2232 1078 2278 matrem
1093 2242 1189 2277 nocem.
1215 2227 1313 2297 Amph.

324 2313 399 2365 Prol.
420 2311 464 2364 69.
488 2313 575 2366 Mere.
590 2313 616 2377 2,
632 2312 657 2377 2,
674 2309 717 2364 28.
755 2308 869 2360 Terent.
893 2307 1011 2375 11064,
1032 2309 1058 2375 1,
1081 2309 1124 2364 28.
1154 2318 1184 2364 oe
1198 2315 1245 2382 pol
1261 2316 1313 2367 inm

324 2397 430 2460 aderit,
449 2413 476 2448 se
489 2416 588 2466 qnoque
601 2395 686 2450 etiam
706 2412 785 2464 quum
808 2394 902 2448 oderit.
922 2391 956 2460 5,
977 2394 1010 2460 l,
1026 2393 1052 2448 i.
1089 2394 1149 2448 cio.
1174 2397 1210 2449 ud
1233 2400 1310 2452 an.

271 2523 274 2530 .
292 2485 296 2493 ’
322 2480 348 2548 4,
364 2480 390 2547 8,
404 2481 431 2534 2.
449 2482 578 2550 reliquum
593 2489 631 2536 est
645 2483 743 2552 igitur,
759 2487 844 2533 61-
863 2481 903 2533 ita
920 2477 1007 2533 udsim
1019 2487 1139 2550 praesto,
1158 2489 1190 2535 ot
1205 2501 1248 2536 me
1261 2503 1312 2536 non

271 2599 275 2608 ι
324 2569 409 2621 solum
431 2568 522 2620 omnin
547 2569 707 2622 deberetne
731 2583 844 2630 06666,
869 2582 936 2636 qnae
954 2567 1069 2635 possim,
1088 2568 1135 2619 sed
1156 2585 1189 2620 06
1214 2587 1312 2638 quoque

320 2653 418 2718 etium,
438 2669 506 2720 quae
525 2671 580 2706 nen
598 2654 829 2723 postmortem.
848 2650 909 2704 i.e.
935 2649 984 2704 sed
1005 2649 1091 2704 etium
1116 2667 1204 2722 nequo
1231 2654 1311 2707 modo

323 2753 366 2796 06.
385 2737 414 2791 in
429 2738 506 2788 Verr.
522 2735 548 2802 8,
564 2737 607 2803 88,
623 2736 683 2792 296.

356 2838 437 2909 Apud
452 2841 527 2893 Curi.
545 2838 572 2906 8,
587 2837 614 2905 6,
626 2829 674 2894 19.
694 2840 779 2909 vulgo
796 2839 918 2909 legiturs
939 2846 1015 2896 netas
1037 2858 1151 2910 quoqne,
1169 2843 1216 2896 oie
1230 2843 1311 2896 tantis

267 2951 272 2972 ι
321 2933 431 2981 mutere
456 2928 548 2990 relies,
574 2927 621 2978 seri
643 2926 749 2979 abunde
769 2927 921 2992 sufficiens,
946 2926 1037 2978 omnio
1060 2925 1142 2978 etiem
1157 2927 1214 2979 eins
1233 2945 1311 2997 opero

327 3012 494 3064 honestabat.
511 3009 620 3070 codices
631 3010 683 3062 duo
700 3010 832 3064 omittunt
847 3012 945 3064 etiams
962 3009 1053 3062 critici
1062 3008 1165 3062 eiicere
1179 3029 1234 3064 nou
1248 3030 1311 3064 cuu-

323 3095 390 3150 etuti
407 3101 470 3149 suni
487 3096 625 3165 glossam,
645 3095 723 3148 euius
741 3095 879 3165 originem
902 3111 983 3148 nemo
1009 3095 1216 3150 demonstravit.
1249 3098 1310 3167 Ego
1375 3143 1376 3162 1

321 3181 461 3256 integrum
477 3187 542 3249 putu
557 3187 704 3250 utrumque
713 3183 902 3258 6606661616.

359 3283 491 3352 Quinctil.
508 3283 534 3350 4,
551 3285 577 3350 2,
592 3282 635 3338 58.
661 3291 700 3338 est
720 3291 808 3340 antem
830 3286 939 3354 qnidam
955 3289 983 3339 et
998 3285 1098 3338 ductes
1115 3285 1156 3338 rei
1169 3288 1309 3354 credibilis,
1374 3351 1375 3356 Ἰ

321 3371 408 3441 66660
422 3371 452 3422 in
466 3371 604 3440 comoediis
620 3371 700 3452 eiiam
716 3379 742 3422 et
759 3371 787 3421 in
802 3371 897 3426 nemis.
936 3393 938 3396 ·
1056 3429 1058 3437 s
1374 3381 1375 3392 ¹

355 3461 542 3542 Nnu'vulgnri
557 3472 638 3524 modo
655 3473 751 3526 Celsus
767 3471 792 3538 8,
807 3472 852 3526 26.
878 3467 1045 3525 eolioen'nslus
1065 3480 1153 3526 antem
1174 3473 1251 3528 nomo
1266 3481 1310 3529 'su-

320 3574 371 3629 per
386 3557 415 3609 isi
435 3574 570 3608 scamnum
586 3563 624 3610 est
646 3566 696 3610 out
710 3576 811 3628 pronus
827 3565 875 3611 ant
890 3557 1001 3629 supinos
1014 3564 1063 3610 out
1078 3557 1107 3610 in
1124 3560 1211 3624 lotus,
1228 3559 1267 3611 sie
1283 3565 1312 3611 ut

300 3660 425 3712 ·semper
440 3661 472 3695 eo
485 3659 552 3710 poss
565 3643 685 3710 superior
700 3643 743 3705 sit,
753 3644 791 3695 in
806 3660 885 3712 msam
902 3663 930 3697 os
942 3629 1100 3714 prolepsim
1117 3650 1165 3709 est,
1183 3661 1216 3697 06
1230 3646 1310 3698 etiem
1373 3697 1374 3700 ,

310 3729 456 3798 66606166,
476 3745 493 3780 6
511 3742 564 3794 que
578 3713 691 3780 recessit.
726 3729 776 3782 Est
790 3729 899 3781 etitem.

337 3885 370 3946 2.
400 3875 579 3963 Multiplex
596 3885 645 3941 est
665 3897 742 3941 usus
758 3873 959 3963 verborum,
987 3880 1186 3969 quibuscum
1202 3877 1310 3942 etiam

253 3965 465 4052 coniungitur
482 3965 546 4044 ilo,
573 3973 608 4026 ut
630 3975 868 4052 comparentur
887 3966 950 4030 alin
979 3989 1055 4031 eum
1080 3966 1162 4030 aliis.
1191 3964 1311 4028 'Cuius

250 4051 381 4140 generis
397 4061 475 4115 sunt
494 4047 687 4130 interdum,
709 4071 984 4138 nonnumquam,
1008 4073 1128 4138 saepe,
1141 4048 1226 4126 6116.

356 4168 451 4222 Celsus
465 4167 492 4233 3,
502 4167 528 4221 8.
548 4184 580 4222 es
595 4176 651 4222 osto
662 4176 784 4224 antemet
800 4169 986 4242 qnadraginta
1003 4171 1075 4224 leeris
1085 4175 1147 4236 sere
1161 4187 1207 4227 ses
1220 4176 1246 4222 et
1260 4167 1312 4222 tri-

148 4288 153 4310 1
319 4253 402 4325 gimo
417 4271 467 4324 per
486 4253 658 4308 assessionem
672 4261 798 4328 oempot,
817 4255 949 4314 interdum
963 4255 1044 4312 etium
1057 4255 1100 4311 eet
1110 4256 1174 4326 plns
1195 4255 1238 4308 oet
1262 4253 1311 4306 mi-
