2782 4730
580 319 692 388 arsi.
727 275 729 284 ⁴
880 355 882 366 .
1055 339 1058 357 ·
1091 325 1153 388 eoa

112 483 231 570 quibus
247 481 353 546 etiam
370 479 409 544 ad
425 479 561 544 alteram
573 473 728 542 orationis
746 484 875 564 partem
892 475 1154 554 confirmandam
1171 503 1173 512 ·

112 569 266 658 pertinet.
317 567 366 631 lta
392 567 455 630 etei
477 563 584 628 etiam
609 562 745 638 dicitur,
787 571 824 624 ut
851 561 957 624 etiam
983 563 1023 626 ad
1048 585 1153 629 unum

43 663 45 677 “
115 654 249 742 aliquod
267 651 479 731 vocabulum,
502 647 591 735 quod
610 647 773 734 sequitur,
793 644 966 710 referatur.
1203 657 1207 666 '

215 788 364 843 (lic.·0rat.
379 785 423 850 44,
440 781 499 837 151.
527 784 557 836 in
572 800 621 852 quo
635 783 743 852 quidam
759 783 955 851 Theopompum
969 783 1049 835 ctiam
1065 801 1154 852 repre.
1175 802 1180 818 x

177 873 304 938 landant,
324 872 393 941 quod
403 888 447 923 eae
461 869 564 920 litterae
577 875 652 922 tanto
663 883 739 935 opere
748 866 872 936 sugerit,
890 867 938 919 etri
948 868 1015 920 idem
1026 869 1155 938 mogirter

179 959 235 1012 eiua
251 959 387 1010 leocrates.
420 954 464 1006 Ita
480 950 552 1003 enim
567 951 694 1004 meliores
712 950 786 1003 libri.

208 1051 303 1113 Placet.
320 1055 397 1109 Tria.
415 1052 441 1120 5,
454 1055 491 1120 Ι2,
513 1051 555 1108 59.
589 1071 634 1106 on.
668 1053 743 1105 Haec
762 1053 813 1105 tibi
829 1059 937 1121 pactast
960 1053 1064 1106 Callicli
1079 1055 1152 1120 fllia.

178 1161 224 1198 nn.
249 1143 436 1215 Egnatianum,
460 1145 554 1208 puter:
576 1139 657 1190 etiam
672 1137 721 1188 etei
734 1153 812 1205 quom
826 1139 910 1190 oliam
924 1139 1031 1190 iubebis.
1064 1138 1153 1207 Vulgo

178 1227 309 1280 scribitur
327 1227 406 1278 etiam
428 1232 454 1277 et
474 1224 512 1276 eie
537 1223 608 1292 quod
623 1239 657 1274 ne
672 1222 872 1282 referamuead
892 1238 940 1287 ea,
967 1238 1037 1290 quae
1052 1240 1079 1291 p.
1093 1221 1153 1278 ott.

179 1311 356 1379 protulimus,
376 1309 436 1378 ipra
450 1310 597 1361 verborum
612 1305 772 1376 compositio
788 1312 888 1360 monet.
917 1307 952 1360 cl.
967 1324 993 1360 n.
1008 1306 1050 1360 13.

194 1433 197 1438 ‘¹
216 1411 273 1466 Cio.
290 1414 372 1465 Brut·
389 1411 431 1476 67,
447 1411 507 1464 238.
531 1412 573 1463 laic
586 1411 634 1463 etei
648 1411 727 1462 etiam
742 1410 770 1460 ia
783 1410 895 1478 publicio
908 1410 1006 1462 eaueeie
1018 1411 1153 1478 probaba—
1190 1384 1194 1399 l

180 1502 242 1562 tur,
261 1505 350 1550 tamen
365 1497 394 1549 ia
406 1497 521 1566 privatio
535 1496 705 1548 illustriorem
718 1495 852 1547 obtinebat
865 1495 957 1547 locum.

195 1633 227 1698 5.
256 1633 344 1699 Haec
369 1634 479 1696 omnia
503 1631 691 1697 communia
714 1641 791 1706 sunt¹
805 1629 906 1694 verbo
922 1631 1069 1697 etiamsi.
1111 1632 1154 1696 At

111 1715 219 1782 verbis
252 1720 316 1783 etei
346 1729 377 1782 et
406 1718 610 1806 quamquam
642 1717 815 1804 propriam
846 1726 942 1802 atque
973 1716 1154 1782 admodum

110 1825 221 1868 raram
237 1801 381 1868 formam
405 1827 473 1868 esse
497 1813 614 1891 putant
630 1801 853 1887 grammatici,
885 1823 952 1886 qua·
965 1812 1154 1891 opponatur

9 1941 11 1958 ,
113 1885 174 1951 aed
196 1899 225 1952 et
250 1890 312 1953 aed
335 1901 462 1953 tamen.
517 1889 553 1951 ln
571 1909 637 1972 quo
656 1887 746 1950 valde
763 1886 845 1950 mihi
862 1887 1011 1950 videntur
1032 1907 1153 1954 errare.

113 1974 200 2038 Nam
214 1973 292 2052 sect,
316 1975 402 2058 quod
421 1974 595 2036 sententias
612 1971 765 2045 secludit,
783 1993 841 2034 neo
857 1983 965 2056 potest
980 1972 1029 2034 his
1046 1973 1152 2038 verbis

113 2053 253 2144 opponi,
268 2081 374 2142 neque
386 2079 543 2143 umquam
560 2056 599 2119 iis
616 2056 809 2141 respondet:
830 2065 861 2120 et
875 2056 928 2119 ubi
945 2057 1007 2120 hoc
1021 2056 1089 2120 fieri
1106 2059 1153 2124 illi

115 2143 321 2221 existimant,
352 2144 416 2208 etsi
438 2153 470 2206 et
493 2163 672 2231 qaamqam
693 2140 868 2210 adhaerent
889 2143 1152 2208 antecedentibus

19 2265 21 2275 ν
114 2238 169 2291 aut
186 2228 225 2291 ad
250 2251 286 2291 ea
301 2230 496 2315 respiciunt,
527 2237 558 2290 et
575 2248 633 2312 per
649 2226 844 2306 vocabulum
860 2226 920 2290 sed
934 2251 1018 2292 nova
1030 2229 1164 2316 incipi-¹

112 2323 168 2376 tur
190 2314 358 2376 sententia.
403 2312 453 2379 Ci.
479 2329 689 2390 Qvnthvnu.
746 2312 848 2376 Aliter
873 2305 906 2374 sti
929 2335 980 2377 res
1000 2311 1152 2378 hebetia

113 2399 219 2461 verbis
244 2411 493 2484 cerrrmtamen,
524 2419 605 2483 quae
633 2407 717 2460 recte
737 2407 970 2483 opponuntur,
998 2411 1152 2486 utsupra

114 2485 266 2548 vidimus.
317 2485 401 2548 Nam
434 2505 547 2548 aarum
578 2481 666 2546 addit
700 2481 930 2546 affirmationis
962 2484 1152 2552 auctarium.

114 2569 325 2655 Quamquam
339 2580 416 2636 sunt
434 2570 549 2652 etiam,
585 2568 620 2634 in
643 2567 759 2653 quibus
783 2581 1012 2634 cerumtamen
1032 2591 1093 2658 per
1116 2593 1152 2646 se

113 2665 252 2719 constet.
281 2681 308 2694 ··

213 2788 295 2855 Loci,
321 2808 386 2860 quoa
404 2791 535 2859 afferant,
561 2791 601 2844 ita
617 2795 677 2844 sunt
693 2787 886 2844 constituendi:
914 2789 970 2844 cic.
987 2791 1020 2843 ad
1035 2792 1150 2858 Fami),

180 2873 282 2942 16,11.
306 2877 471 2944 quamobrem
499 2879 628 2929 Oenomao
649 2884 695 2928 tuo
718 2877 787 2928 nihil
811 2882 884 2927 utor:
910 2878 1081 2946 etaiposaiati
1097 2880 1152 2930 loco

181 2959 271 3012 verriu
287 2962 415 3012 accianoa.
456 2963 509 3013 Sed
521 2979 587 3030 quae
602 2968 639 3013 eat
652 2961 778 3012 inuidia?
803 2957 828 3024 9,
843 2958 868 3024 6,
882 2959 907 3012 2.
930 2963 966 3013 eie
988 2964 1055 3016 enirn
1071 2965 1152 3027 color,

180 3046 216 3097 cic
230 3045 351 3096 observor
368 3045 400 3116 ab
415 3047 533 3097 omnibus
547 3047 595 3109 iia,
623 3045 668 3116 qni
683 3062 700 3095 a
718 3046 831 3096 Caesare
844 3045 1007 3114 diliguntur,
1026 3056 1055 3100 ut
1070 3050 1103 3101 ab
1119 3049 1153 3100 iia

177 3147 218 3182 me
235 3129 323 3180 amari
336 3134 436 3195 putem:
467 3128 536 3179 Nam
553 3129 601 3180 etri
614 3145 667 3178 noa
675 3128 760 3203 facile
775 3128 934 3182 diiudicatur
948 3149 1022 3183 amor
1035 3148 1110 3183 cerua
1126 3136 1152 3182 et

174 3215 274 3282 fletae,
301 3213 353 3263 nisi
368 3212 475 3278 aliquod
489 3212 589 3264 incidat
606 3208 733 3264 eiusmodi
747 3219 865 3279 tempus,
889 3221 935 3279 ut,
965 3215 1040 3282 quasi
1057 3231 1152 3267 aurum

178 3299 247 3369 igni,
265 3297 302 3350 rie
317 3295 493 3349 benevolentia
497 3298 588 3364 fidelia
602 3297 718 3365 periculo
731 3297 819 3363 aliquo
833 3298 947 3365 perspici
957 3299 1048 3365 poerit,
1066 3307 1151 3351 cetera

181 3392 243 3437 aunt
258 3385 339 3453 cigna
352 3382 511 3444 communia,
538 3383 584 3433 aed
599 3399 648 3450 ego
663 3379 715 3432 un'o
729 3387 789 3433 utor
806 3391 962 3450 argumento
978 3389 1029 3436 etc.
1064 3384 1151 3435 Prae-

179 3485 298 3538 propera
317 3466 473 3520 coniectura
492 3464 647 3533 Madvigius
662 3465 834 3518 scribendum
851 3466 955 3518 censuit
970 3468 1088 3531 tametsi,
1108 3466 1152 3518 id-

99 3569 102 3578 ’
182 3570 234 3621 quc
261 3553 295 3604 ab
321 3550 425 3604 Orellio
447 3549 514 3602 odeo
535 3556 676 3618 receptum
700 3551 788 3603 tideo.
832 3550 971 3604 Sententia
992 3567 1075 3616 vero,
1098 3567 1152 3619 qua

70 3687 76 3698 ,
182 3636 280 3689 Cicero
296 3641 456 3706 argumenta
472 3633 605 3701 opinionis
620 3649 686 3688 suae
704 3634 829 3705 exponit,
854 3633 924 3688 haec
940 3641 998 3689 estc
1022 3639 1085 3688 nom
1103 3635 1152 3689 etei

180 3719 210 3772 in
230 3722 400 3773 diiudicanda
420 3737 510 3773 amore
529 3737 590 3772 cero
613 3721 719 3788 aliquod
741 3728 841 3787 tempus
862 3721 1018 3788 reprimitur,
1054 3720 1152 3774 adeunt

181 3808 271 3854 tamea
285 3804 453 3870 documenta,
480 3812 505 3858 et
519 3804 621 3873 quidem
637 3810 721 3855 cetera
734 3806 880 3857 commonia
894 3803 989 3874 rigna,
1010 3804 1055 3855 aed
1071 3820 1151 3870 prae-

184 3888 273 3939 tectim
288 3906 336 3956 quo
349 3890 487 3959 ipeeator,
505 3906 587 3940 unone
604 3895 796 3956 argumentum.
831 3888 867 3940 ael
879 3888 935 3941 Aa.
945 3885 1004 3951 6,7.
1028 3886 1151 3938 Rhodum

185 3972 243 4026 oola
262 3989 410 4040 puerorum*
424 3991 530 4026 aauoaa:
560 3974 621 4025 inde
643 3973 854 4042 quamprimum
873 3974 1009 4024 Atlreaaoc
1034 3972 1082 4024 etei
1099 3979 1152 4023 ete-

182 4056 239 4109 eiae
253 4055 332 4107 caldo
345 4059 449 4124 reflant.
496 4058 549 4110 Sed
559 4059 640 4126 plane
654 4058 712 4109 oola
726 4058 766 4110 bia
780 4058 990 4128 magistratibus.
1025 4055 1059 4108 ael
1073 4057 1152 4109 Fam.

183 4139 227 4207 13,
243 4137 287 4208 lt,
301 4138 344 4193 10.
359 4141 427 4210 quod
438 4159 488 4213 ego
501 4143 542 4197 bie
556 4141 651 4196 litteris
664 4144 768 4211 efficere
779 4144 866 4198 colai:
883 4142 932 4199 etei
948 4142 977 4198 id
990 4141 1048 4212 ipra
1061 4159 1110 4212 per
1125 4157 1152 4196 ee
