2852 4736
601 315 729 386 Ecce.
1139 317 1201 385 843

147 475 258 542 Etiam
273 473 498 562 praemittitur
513 468 766 540 exclamationis
778 469 957 558 particulo,
977 481 1011 538 ot
1026 472 1200 566 contangi·
1302 497 1305 504 ’

62 615 66 620 .
148 572 203 626 tur
220 561 433 626 aecusativus.

249 681 340 734 Plsut.
356 675 528 742 Tenem,
552 673 596 732 28.
620 693 690 728 enno
715 681 817 730 mator
840 683 871 729 ot
893 677 997 732 reniret
1014 678 1088 734 milas
1111 681 1196 734 cebir.

213 765 437 838 restringitur
456 758 675 825 Acta.1‚t,tttt
705 759 789 813 Trito.
803 761 829 826 2,
844 761 870 826 2,
887 761 930 815 dd.
968 761 1055 816 Stich.
1071 765 1097 828 1,
1110 761 1136 829 8,
1151 763 1194 818 811.

212 856 241 903 et
249 851 333 903 Poeta.
342 851 367 915 1,
376 850 403 915 2,
419 848 462 901 el.
481 847 532 900 lico
544 852 653 899 ecastor.
688 843 776 898 Stieb.
791 845 817 911 l,
828 845 855 910 3,
870 844 915 900 81.
929 855 1037 918 practer
1048 849 1195 904 Μίνω

211 935 285 988 tuac
303 935 400 1004 magui
417 932 507 1004 pretii.
541 927 669 993 Maroni,
684 927 710 992 1,
726 927 770 982 ²5.
787 937 888 986 ecastor
904 946 976 986 uero.

224 1035 408 1118 Deflecaere
438 1031 490 1098 vel
514 1053 607 1096 erere
629 1031 694 1095 iam
717 1031 805 1117 apud
834 1043 959 1098 veteres
983 1043 1090 1100 exstat
1109 1034 1194 1102 mire

145 1119 345 1208 opinionum
360 1118 508 1184 varietas.
552 1116 720 1182 Charisius
737 1127 787 1198 et,
808 1130 844 1182 ut
858 1117 970 1184 Festus
986 1129 1116 1200 narrat,
1139 1120 1192 1188 alii

64 1251 67 1258 »
142 1206 375 1272 existimabant
399 1225 467 1269 esee
491 1203 615 1268 dietum
631 1223 696 1290 pro
715 1225 800 1268 eece.
845 1204 923 1284 Quo
947 1222 1051 1292 quum
1074 1205 1191 1272 ultima

140 1291 267 1378 syllaba
288 1310 359 1354 non
375 1287 611 1376 explicaretur,
639 1285 869 1354 Schmiederus
893 1291 928 1355 in
954 1290 1042 1356 notis
1065 1291 1106 1356 ad
1125 1291 1190 1357 'sei

140 1385 225 1441 rent.
239 1374 376 1439 Phorm.
392 1378 532 1440 version.
549 1393 694 1460 germen.
711 1374 852 1452 adiectis,
866 1397 901 1439 n.
918 1379 971 1442 te.
993 1375 1191 1464 opinabatur
1275 1435 1278 1446 .

142 1461 237 1526 adiici
263 1460 348 1524 hane
370 1460 530 1547 syllabam
554 1460 624 1525 sine
653 1460 782 1525 ratione
802 1483 838 1524 ao
860 1481 980 1544 sensu,
1015 1461 1188 1548 quomodo

140 1545 367 1632 colloquentes
378 1545 546 1611 interdum
563 1545 726 1610 eiusmodi
742 1567 843 1610 sonos
860 1548 1057 1612 emitterent.
1087 1549 1188 1613 Lam·

138 1630 237 1694 binus
259 1632 300 1694 ad
318 1632 423 1695 Plaut.
447 1631 544 1694 Trin.
566 1636 598 1710 2,
620 1635 652 1712 2,
672 1631 744 1696 105.
772 1641 805 1695 et
826 1631 949 1697 Nauius
974 1633 1068 1698 Miso.
1089 1639 1118 1715 1,
1134 1639 1186 1701 21.

138 1737 202 1804 pro
233 1739 309 1782 eoae
338 1738 411 1780 rem
440 1724 655 1816 acceperuut:
689 1716 778 1802 quod
803 1717 939 1804 probari
966 1719 1059 1783 nullo
1085 1729 1186 1806 paeto
1304 1724 1307 1732 “

135 1809 257 1889 potest.
303 1800 395 1866 ldern
417 1801 615 1881 Lambinus,
643 1803 700 1886 qui
721 1801 824 1886 aliam·
842 1803 939 1868 etiam
962 1815 1186 1892 proposuerat

137 1889 336 1953 seutentiam
354 1887 395 1952 ad
422 1887 524 1951 Plaut.
550 1885 671 1974 Amph.
687 1892 719 1968 2,
743 1892 773 1966 1,
789 1888 838 1968 4.,
868 1889 902 1952 in
919 1891 1007 1954 notis
1025 1889 1066 1954 ad
1081 1889 1183 1955 Truo.

101 1991 108 2002 ·
136 1975 169 2054 2,
179 1979 209 2054 2,
218 1977 271 2039 58.
300 1972 560 2058 duasdistinguit
574 1971 699 2060 formas
718 1995 828 2038 eccere
846 1984 876 2038 et
892 1997 1001 2056 erere,
1023 1975 1115 2063 quod
1130 1977 1183 2059 sit,

180 2059 336 2126 raedem
363 2055 509 2132 Cereris,
545 2079 601 2124 seu
624 2077 686 2144 per
707 2059 873 2135 Cererem.
923 2061 1011 2126 Eum
1036 2062 1185 2148 sequitur

136 2078 384 2210 [internuntius
401 2145 440 2208 ad
460 2143 530 2208 Mil.
546 2149 588 2222 2,
599 2147 637 2223 2,
654 2143 706 2208 54.
747 2146 790 2208 At
804 2143 904 2226 illud,
933 2145 1022 2231 quod
1040 2147 1183 2228 Paullus,

59 2273 60 2276 =
136 2251 207 2294 non
225 2230 337 2295 Festus
360 2240 490 2309 narrat,
542 2228 812 2292 rammatioorum
834 2231 1063 2314 quorumdum
1084 2255 1182 2298 oom-

135 2325 287 2380 mentum
311 2325 405 2400 erat..
440 2252 580 2380 Duobus
600 2315 690 2378 enim
713 2313 750 2378 in
770 2314 850 2380 locis
867 2315 988 2397 Plauti,
1012 2318 1181 2404 inquibus

136 2401 197 2465 ista
208 2399 415 2484 monstrandi
429 2401 474 2464 vis
489 2401 595 2464 inesse
611 2397 782 2464 videbatur
797 2401 886 2468 Pers.
899 2406 930 2481 2,
944 2402 974 2478 4,
993 2406 1045 2466 29.
1059 2413 1091 2466 et
1106 2403 1179 2468 Mil.

82 2515 85 2520 ·
133 2491 166 2567 2,
189 2492 227 2566 2,
247 2487 299 2552 54.
332 2497 408 2550 aute
434 2484 547 2550 omniu
569 2482 747 2550 videndum
775 2495 862 2564 erat,
892 2508 933 2550 an
956 2488 1080 2573 antiqui
1102 2487 1180 2554 libri

131 2573 327 2660 scripturam
343 2569 590 2636 confirmarent.
626 2567 671 2632 Et
683 2569 782 2643 editio
799 2571 956 2658 princeps
968 2573 1102 2658 quidem
1117 2595 1178 2640 ex-

130 2655 223 2721 bibet
245 2681 320 2722 ecce
345 2668 461 2720 utitem
482 2656 519 2720 in
541 2666 681 2740 utroque
704 2655 801 2736 loco,
830 2656 927 2743 idque
951 2659 1022 2722 iam
1038 2657 1177 2728 Rothius

130 2743 272 2806 restituit
287 2742 335 2808 illi
353 2742 470 2828 priori.
512 2739 553 2804 In
567 2741 701 2828 reliquis
719 2742 873 2806 omnibus
890 2747 984 2827 (sunt
998 2745 1087 2808 enim
1105 2746 1176 2831 sex)

130 2837 222 2892 reate
237 2827 429 2916 intelligitur
445 2824 620 2894 affirmatio
644 2825 886 2909 vehementior,
908 2851 990 2914 quae
1004 2831 1102 2895 etiam
1116 2853 1177 2918 per

130 2924 265 2977 ecastor
296 2914 507 3000 exprimitur.
566 2913 678 2994 Quare
712 2914 852 2982 Glossae
877 2914 961 2980 bene
987 2909 1173 3003 explioa'nta

128 3021 261 3078 eccere,
283 2998 357 3062 κατὰ
379 3005 434 3080 τῆς
457 2996 624 3082 Δήμητρος.
666 3000 790 3064 Aedem
807 3001 934 3068 Cereris
952 3023 1050 3068 nemo
1075 3001 1176 3068 bodie

128 3094 306 3172 supponet.
347 3085 536 3170 Usurpatur
552 3105 629 3148 vero
647 3081 726 3147 haec
748 3083 847 3148 dictio
873 3084 915 3148 ab
934 3107 991 3159 ec,
1022 3086 1078 3172 qui
1095 3109 1172 3154 suae

127 3170 308 3236 sententiae
328 3168 715 3235 testimoniumveritatis
730 3167 838 3243 addit,
864 3179 919 3240 aut
942 3169 1086 3255 aliquam
1102 3195 1174 3239 rem

129 3255 347 3330 admiratione
363 3255 506 3343 excipit,
528 3263 559 3317 et
575 3253 782 3340 inopinatam
795 3277 868 3320 rem
888 3253 1112 3344 deprehendit.

230 3376 321 3430 ricus
335 3375 435 3444 Amph.
451 3373 478 3440 2,
493 3372 520 3436 l,
534 3369 560 3426 4.
584 3375 736 3427 carmeiam
751 3376 848 3429 tuatim
860 3377 948 3443 fucis,
974 3383 1005 3430 ot
1023 3379 1077 3432 tuis
1097 3380 1173 3434 nullo

194 3462 268 3528 apud
286 3468 313 3513 te
328 3462 363 3512 sit
373 3462 456 3558 pidre.
491 3457 579 3514 rme.
589 3458 620 3525 ²,
632 3459 658 3525 ²,
672 3457 716 3513 58.
747 3459 848 3528 Cael,
863 3459 950 3530 teo..
977 3463 1171 3531 Menam.

85 3583 92 3606 ,
195 3561 295 3610 saeue,
318 3561 390 3615 peria
405 3557 512 3598 curare.

225 3645 320 3717 Pleni.
338 3627 452 3711 Triuz,
466 3643 565 3712 aloe.
585 3663 630 3700 nu.
650 3645 715 3700 liele
728 3645 766 3700 aad
780 3663 838 3700 eum
859 3643 956 3714 deur,
973 3655 1029 3704 tute
1041 3651 1170 3718 concilies,

192 3737 249 3784 tute
263 3747 366 3801 poscor.
390 3748 437 3784 nn.
458 3733 562 3785 Eoccrc.
596 3729 709 3784 Terent.
723 3731 836 3784 Phorm.
852 3729 879 3796 2,
894 3730 919 3796 2,
937 3731 963 3786 b.
983 3751 1030 3788 nir.
1047 3737 1073 3789 si
1086 3753 1169 3808 roga·

200 3813 248 3868 bit.
271 3832 305 3904 a.⁸
316 3813 381 3870 Icta
396 3831 453 3886 spes
463 3821 510 3870 cet.
526 3831 573 3870 nn.
591 3816 696 3872 Eram.
733 3817 804 3884 octe
818 3816 842 3869 si
855 3815 968 3870 reddet?

551 3924 743 4014 ECCE.

188 4061 282 4130 Eccr
314 4061 486 4150 quomodo
512 4083 556 4130 ex
585 4087 627 4131 eu
653 4075 687 4130 et
710 4087 747 4132 ce
770 4063 898 4133 factum
920 4065 982 4138 sit.
1006 4064 1073 4132 dixi
1102 4066 1168 4134 iam

120 4171 159 4239 p.
170 4151 249 4214 842.
292 4149 386 4218 adde
403 4171 478 4222 veo.
498 4151 570 4219 ΕΝ.
598 4149 658 4220 Est
672 4171 749 4220 vero
766 4173 840 4218 eoae
852 4149 1012 4256 particula
1028 4151 1168 4220 demon-
