2782 4730
266 379 329 442 652
749 365 821 434 EX.
907 367 909 384 '

327 530 484 595 facturn,
497 537 531 577 ec
544 473 601 593 ipea
613 520 841 591 cambucam,
859 527 887 574 te
899 519 1004 574 banael
1016 519 1248 575 maauaie-.-
1267 530 1315 576 aut

335 611 360 663 ei
379 627 413 663 ex
428 607 561 662 caateaeia
583 613 737 675 putaremus
756 607 896 658 caecarent
911 605 941 658 ib
955 621 1009 656 aaa
1020 608 1219 671 facturum—,
1237 625 1317 660 aun-

269 733 272 740 .
297 759 302 768 ¹
336 711 416 764 quaa
431 693 480 747 tibi
493 692 660 744 meteremus
677 696 731 744 cta.
762 690 832 742 vieo
848 687 905 742 alie
920 707 947 757 p.
961 688 1021 742 6³1.

374 796 481 848 (lumel.
503 796 564 863 Ipb.
588 793 614 860 1,
630 791 656 847 4.
681 793 727 862 ille
749 791 911 846 econtrario
929 791 1029 859 peltam
1056 807 1105 860 pre
1124 809 1224 860 parma
1239 791 1316 858 secit.

338 879 463 933 bactani.
478 879 504 945 2,
519 879 546 945 5,
561 877 604 932 ab.
615 913 622 934 .
634 883 660 929 et
675 893 690 928 e
709 877 858 940 contraria,
882 878 906 930 ei
921 877 984 930 deut
999 882 1038 929 eet
1054 877 1166 928 muadue
1188 882 1241 929 etc.
1275 879 1317 929 lle

340 963 434 1016 verbis
451 972 482 1017 at
496 963 655 1018 econtrario
671 959 734 1013 vide
751 961 779 1013 in
795 977 840 1014 aa.

355 1063 390 1130 Ε
420 1065 550 1130 diverso
584 1074 616 1128 et
644 1086 684 1128 ex
723 1061 859 1126 diverso
889 1057 1005 1124 eodem
1033 1058 1135 1123 modo
1165 1058 1317 1124 distincta

271 1145 371 1216 fuisse
388 1150 557 1231 videntur,
576 1161 613 1212 ut
633 1171 651 1212 e
668 1147 805 1212 diversa
821 1157 904 1212 esset
919 1145 1041 1224 immo,
1057 1157 1188 1209 contra.

377 1270 468 1324 Tacit.
490 1269 562 1322 Hiet.
584 1267 609 1333 4,
633 1267 660 1322 6.
688 1269 793 1320 directa
820 1283 853 1318 ex
878 1266 980 1318 diuersa
1001 1265 1070 1317 aciee
1089 1265 1163 1316 baud
1183 1265 1277 1333 procul
1299 1282 1317 1316 a

335 1356 447 1424 flumine
460 1355 564 1407 >ilicum
587 1353 682 1406 lustin.
704 1351 747 1415 aa,
769 1349 795 1416 4,
811 1349 838 1403 6.
867 1348 960 1401 Aurei.
979 1345 1049 1400 Vict.
1070 1347 1104 1400 (lc
1122 1347 1196 1400 Virie
1215 1348 1316 1400 illustr.

342 1437 385 1502 14,
402 1437 428 1490 3.
452 1455 549 1508 pecora
564 1455 597 1492 ex
612 1439 715 1492 diverto
731 1437 761 1489 ia
777 1441 938 1508 eaaepectuea
963 1449 1051 1484 eccum
1064 1434 1249 1514 protulerunt.
1268 1431 1318 1485 abi

340 1523 468 1576 Amtzcn.

377 1624 488 1677 Sunion.
502 1625 581 1676 Dum.
598 1622 624 1675 9.
651 1620 805 1690 eupiditatie
820 1635 919 1688 putaque
934 1623 1013 1687 atque
1027 1619 1158 1672 auaritiae
1171 1619 1219 1671 uix
1233 1620 1319 1687 caepi-

343 1709 442 1761 ciaaem
464 1708 548 1760 ullam
570 1706 657 1758 dedit:
682 1706 759 1756 imma
782 1721 796 1756 e
816 1705 919 1756 diuersa
939 1720 1043 1772 magau
1061 1721 1139 1772 caepe
1161 1721 1215 1754 acu
1235 1704 1319 1756 abeti-

234 1859 237 1866 Δ
339 1793 447 1844 aectiae
471 1791 564 1856 maela,
597 1789 643 1840 ecd
664 1789 744 1839 etiam
764 1789 934 1841 liberalitatis
954 1788 1140 1855 experimenta.
1174 1786 1256 1839 (iace.
1275 1785 1317 1840 86.

344 1876 394 1929 alii.
418 1892 432 1930 e
453 1875 556 1927 ‹liuerec
581 1873 718 1942 opinatum
742 1877 794 1925 etc.
839 1872 910 1940 Aug.
932 1870 975 1924 21.
1009 1872 1077 1924 buce
1099 1887 1114 1922 e
1135 1870 1239 1922 diuersa
1253 1888 1319 1940 pea-

336 1961 440 2024 seeeuae
460 1963 512 2010 etc.
791 1960 797 1970 '

358 2079 411 2140 52.
434 2072 611 2161 Multiplex
632 2071 732 2158 igitur
747 2091 824 2134 usuc
844 2079 931 2149 erut,
955 2069 988 2133 in
1012 2089 1078 2155 quo
1094 2091 1135 2134 ex
1148 2069 1187 2134 cd
1203 2070 1318 2135 locum

276 2167 439 2228 eiulatum
452 2155 687 2244 designandum
701 2177 762 2242 pro
773 2156 811 2220 ia
827 2154 1023 2244 ponebatur.
1054 2156 1131 2234 Quo
1146 2158 1317 2242 pertinent

277 2245 375 2308 eliam
404 2268 443 2308 eu
469 2254 588 2331 purte,
626 2265 667 2306 ex
688 2240 805 2338 aliqua
831 2251 964 2326 parte„
988 2262 1028 2303 ex
1059 2240 1173 2306 altera
1231 2255 1319 2306 arte.

276 2329 456 2395 Priscianus
473 2353 506 2416 p.
525 2328 616 2392 1204.
646 2324 753 2390 Attice
767 2321 843 2416 apic
857 2325 1007 2408 μέροςκαὶ
1023 2326 1055 2390 ἐν
1069 2327 1158 2410 μέρει.
1238 2328 1321 2391 cetri

276 2435 403 2501 quaque
423 2413 472 2480 acl
485 2423 639 2500 partem,
663 2421 696 2474 et
712 2411 750 2474 ia
760 2422 880 2498 parte,
902 2423 934 2475 et
949 2434 989 2474 ex
1002 2424 1115 2497 parte.
1160 2412 1215 2477 Cl.
1234 2414 1278 2478 T.
1293 2413 1317 2475 l.

273 2520 312 2584 p.
331 2505 403 2566 130.
444 2500 703 2584 Componuntur
717 2519 758 2560 ex
778 2509 891 2583 parte,
913 2508 1075 2582 qnatenus
1089 2497 1156 2564 sive
1172 2520 1254 2584 qua.

380 2619 459 2673 (iace.
479 2619 513 2672 B.
531 2616 598 2686 gall.
618 2613 644 2680 6,
664 2613 708 2667 64.
733 2632 800 2684 puae
819 2623 908 2668 tamea
931 2613 964 2668 ei
982 2623 1061 2683 parte
1084 2635 1127 2670 ree
1148 2619 1186 2670 ad
1207 2620 1319 2670 salutem

344 2705 474 2755 exercitae
487 2702 643 2772 pertinebat.
678 2699 736 2751 cio.
752 2699 787 2751 ab
801 2700 878 2752 Fam.
892 2699 919 2764 2,
934 2698 977 2764 18,
993 2697 1020 2751 6.
1039 2707 1087 2752 tua
1100 2702 1160 2753 laue
1174 2719 1210 2753 ex
1228 2705 1319 2772 aliqua

342 2794 422 2856 parte
433 2785 527 2851 fuerit.
544 2783 586 2848 1⁰,
602 2782 628 2847 6,
641 2781 667 2834 8.
687 2784 755 2850 quoa
770 2799 928 2852 quamquam
938 2785 1098 2837 eiaeuietute
1113 2803 1167 2836 aaa
1180 2787 1319 2854 patuisset,
1365 2785 1366 2788 ’

342 2877 433 2922 tamea
448 2885 479 2920 ea
494 2869 610 2920 maxima
622 2873 701 2935 parte
715 2883 764 2932 ea,
788 2883 855 2935 quae
871 2885 897 2920 ee
912 2869 1037 2936 adeptae,
1049 2871 1180 2933 fortunae
1193 2872 1320 2939 temperi-

345 2955 441 3022 batque
456 2953 617 3005 tribuuntur.
644 2951 679 3003 ab
692 2951 748 3002 Ate.
761 2950 804 3016 11,
815 2949 840 3017 6,
856 2951 882 3004 6.
902 2953 1005 3004 omuino
1019 2953 1083 3004 baec
1096 2954 1185 3006 eadem
1198 2958 1279 3008 mado
1293 2974 1321 3009 ee

344 3038 395 3090 bae
408 3045 487 3108 parte
495 3039 578 3104 fluat.
612 3035 638 3100 2,
653 3035 695 3099 22,
710 3034 736 3088 3.
761 3038 959 3106 rempublicam
974 3037 1049 3089 uultu
1062 3054 1092 3088 ee
1105 3043 1185 3105 parte
1205 3041 1322 3109 attingi-

342 3139 408 3176 mue.
443 3123 477 3174 de
495 3120 583 3174 Amic.
601 3120 644 3185 21,
660 3119 703 3172 19.
720 3138 767 3172 aec
787 3122 930 3190 quidquam
946 3123 1082 3189 difficilius
1097 3139 1177 3191 quam
1191 3126 1319 3193 reperire,

343 3209 412 3276 quoa
426 3209 461 3260 eit
475 3207 545 3258 amai
553 3223 593 3258 *ex
606 3213 684 3274 parte
698 3205 728 3256 ia
742 3222 788 3257 cua
801 3221 899 3275 gauere
912 3209 1064 3275 perfectum.

240 3369 242 3382 1
326 3357 328 3368 ,
381 3307 437 3362 cto.
449 3308 478 3362 ia
490 3307 568 3358 Vcrr.
583 3306 609 3371 1,
621 3306 664 3372 30,
680 3304 723 3359 16.
740 3308 855 3376 graciis
870 3315 936 3360 catu
948 3325 1046 3377 pereae
1060 3311 1189 3362 adductus
1207 3314 1246 3364 ael
1261 3332 1323 3382 eup-
1365 3317 1366 3362 i

341 3391 465 3462 plieium,
483 3409 516 3444 ex
527 3393 612 3444 altera
626 3397 705 3459 parte
711 3391 795 3456 filius.
830 3391 891 3445 biv.
904 3391 1049 3457 28,19,18.
1082 3393 1179 3447 lustim
1194 3395 1223 3459 4,
1237 3397 1267 3462 4,
1283 3399 1322 3450 12.

345 3491 377 3527 cc
390 3482 501 3544 utraque
521 3483 600 3544 parte
620 3477 726 3527 cummis
748 3477 847 3528 viribus
867 3477 1051 3530 dimicabatur.
1078 3477 1324 3535 ct.1lral‹enb.uel

343 3557 403 3611 liv.
419 3557 445 3625 4,
459 3558 542 3625 9,14.
563 3564 591 3611 ct
605 3559 639 3611 ud
651 3558 677 3622 2,
693 3558 735 3624 48,
751 3560 777 3613 1.
799 3566 826 3613 ct
841 3562 874 3614 ab
890 3560 933 3627 44,
948 3560 975 3627 9,
989 3559 1014 3614 6.
1049 3563 1091 3614 Ile
1106 3563 1201 3617 verbis
1218 3582 1253 3618 ea
1268 3567 1323 3620 alia

342 3650 422 3720 parte
436 3643 585 3712 disputavit
599 3643 738 3698 Dorvillus
753 3646 786 3698 ab
803 3645 942 3699 Chariton.
961 3665 987 3714 p.
997 3643 1057 3700 369.

378 3745 451 3799 Plin.
464 3746 550 3814 Epist.
566 3747 644 3815 2,17,
659 3748 701 3802 16.
720 3767 751 3802 ca
758 3748 811 3801 alio
820 3750 903 3801 latere
911 3751 1054 3803 cubiculum
1062 3750 1304 3819 eetpalitieeiaeum.

379 3847 437 3902 cic.
459 3849 494 3902 ad
513 3851 591 3904 Fam.
612 3850 638 3916 4,
658 3850 684 3915 4,
702 3850 727 3902 l.
754 3851 852 3918 accipie
877 3851 1107 3920 (excusationem)
1130 3869 1162 3903 ca
1180 3870 1215 3904 ea
1230 3863 1321 3922 parte,

343 3939 472 3999 quatenus
489 3943 539 3992 ¹uut
559 3935 727 4004 negligentia
749 3941 798 3986 aut
817 3935 985 4004 improbitate
1006 3955 1109 4000 eanum,
1130 3939 1176 4006 qui
1194 3941 1323 4008 epistolae

343 4016 493 4084 accipiant,
505 4017 685 4085 fieriecribie‚
704 4020 782 4071 acad
792 4023 1025 4090 aceperseraatur.
1059 4021 1155 4075 Macer
1165 4022 1196 4074 in
1211 4024 1321 4094 lligeat

344 4096 444 4165 41,12,
459 4100 484 4154 8.
507 4103 619 4171 eepuleri
638 4103 732 4156 uiolati
754 4103 851 4155 crimea
871 4111 957 4174 pateet
976 4105 1030 4158 elici
1054 4106 1092 4159 ael
1114 4107 1202 4176 legem
1223 4109 1322 4162 iuliane

343 4181 376 4247 (le
388 4184 416 4236 ci
425 4186 532 4253 publiea
544 4187 718 4256 pertinereea
730 4189 779 4242 illa
789 4194 886 4258 parte,
909 4205 962 4256 qua
978 4189 1011 4244 de
1026 4205 1056 4244 ea
1068 4197 1175 4245 cauetur
1193 4196 1249 4246 ete.
