2758 4726
245 383 309 450 sss
622 349 918 446 sxauvssin·

252 531 377 602 cecidit
393 523 543 615 Critias,
566 553 667 620 quum
682 531 818 621 quidem
833 525 1036 600 exaduersus'
1051 528 1305 620 illrrasybulum

249 613 437 708 'fortissime
465 630 652 706 pugnaret.
706 621 801 684 Esset
828 619 913 684 hoo:
947 639 1050 705 quum
1074 639 1120 705 pu
1144 630 1238 684 naret
1260 627 1305 686 'ex

201 705 203 713 '
254 706 391 770 adverso
407 704 534 790 positus
554 701 786 790 Thrasybulo:
810 703 900 790 quod
927 643 1144 773 fortasse'adg
1155 705 1304 770 aemula-

251 793 381 856 tionem
398 798 545 875 spectare
560 786 734 853 videbitur.
778 791 821 852 At
870 790 916 854 uis
939 791 984 853 ita
1007 789 1108 853 latine
1129 789 1304 875 loquitur?

251 874 321 940 Nec
344 875 407 937 dici
431 883 561 960 poterat
580 895 743 962 pugnare
770 813 1167 959 exadversusratiqaeme
1204 897 1306 960 qnare

252 959 432 1025 Lambinus
457 969 490 1022 et
512 958 565 1022 alii
590 961 652 1024 sori
672 957 751 1023 'sere
775 958 948 1023 adversus.
1003 957 1104 1038 Quod
1128 959 1305 1048 Scioppius

251 1045 289 1108 in
304 1065 371 1107 uno
388 1043 475 1106 libro
491 1043 634 1124 invenit,
652 981 860 1108 Burmannus
885 1043 1127 1130 comprobavit,
1147 1043 1305 1132 lerasy-

252 1127 369 1205 bulus,
406 1129 602 1192 sententiam
627 1129 762 1216 praebet
789 1151 861 1194 non
887 1149 1046 1218 perverse
1069 1128 1213 1213 dictam,
1246 1130 1306 1196 sed

257 1214 417 1298 absonam
442 1223 475 1277 et
496 1215 662 1280 inanem..
742 1232 744 1236 ·
788 1283 791 1292 ¹

585 1399 978 1488 EXAMVSSIM.

338 1552 497 1616 Anvssun
523 1550 722 1615 accusativus
747 1546 937 1612 substantivi
961 1547 1115 1634 antiquo,
1144 1557 1182 1611 ut
1212 1547 1306 1614 vide-

254 1645 515 1720 tur‚‘tempore
548 1656 609 1720 pro
649 1632 802 1698 adierbio
839 1631 1077 1720 usurpabatur:
1127 1655 1230 1718 quam
1265 1636 1306 1699 ob
1368 1665 1369 1692 ÷

254 1741 328 1784 rem
351 1717 482 1784 Festus=
520 1720 702 1800 amussim,
738 1717 958 1803 regulariter.
1011 1719 1082 1782 Hoc
1113 1719 1308 1784 adverbium
1368 1725 1369 1734 ’

258 1827 333 1868 com
361 1804 520 1868 cnebatur
543 1825 618 1868 oum
644 1828 684 1868 ex
716 1803 870 1867 adverbio
888 1804 931 1867 ¹in
956 1821 1175 1881 uxamam,
1216 1805 1307 1890 quod

251 1828 422 1954 Bentieius
470 1899 557 1952 errat
601 1911 704 1975 quum
742 1887 818 1951 dicit
864 1887 1049 1954 formatum
1082 1913 1152 1953 csse
1187 1889 1231 1953 ab
1268 1913 1308 1954 ex

256 1974 407 2054 amussi,
434 1972 522 2058 quod
545 1996 727 2062 numquam
754 1985 802 2036 est
826 1973 961 2038 dictum.
1006 1975 1054 2038 De
1072 1974 1120 2038 ad
1138 1976 1309 2038 amussim

255 2059 331 2123 vide
350 2059 452 2122 Tom.
472 2057 497 2122 Ι.
520 2083 553 2146 p.
566 2066 637 2124 130.
680 2059 811 2123 Festus:
835 2059 1057 2140 examussim,
1077 2060 1310 2146 regulariter.-

258 2145 405 2208 amussis
428 2145 518 2208 euim
540 2145 664 2232 regula
678 2142 863 2232 fabrorum
883 2156 951 2223 est,
976 2145 1027 2208 ael
1044 2157 1083 2208 ut
1099 2146 1165 2208 alii
1182 2147 1310 2226 acutat,

249 2227 523 2319 ferramentum,
547 2254 609 2312 arro
633 2231 670 2294 iu
691 2229 853 2316 poliendo
871 2241 1023 2294 utuntur.
1053 2231 1180 2294 Nonius
1209 2238 1240 2308 1,
1256 2235 1308 2295 28.

249 2315 466 2379 'examussim
489 2309 627 2379 dicitur'
649 2315 844 2380 examinate
874 2313 923 2378 ad
949 2337 986 2379 re
1014 2313 1110 2378 ulam
1137 2315 1197 2380 uel
1226 2340 1308 2380 coa-

255 2412 454 2488 gmeutum:
483 2411 533 2464 est
552 2401 643 2464 enim
666 2401 810 2464 amussis
835 2400 960 2486 regula
976 2338 1180 2488 flabrorum,
1206 2424 1309 2488 quam

250 2486 457 2562 architecti,
479 2507 580 2570 quum
593 2507 677 2570 opus
686 2483 856 2572 probant,
876 2485 1014 2550 rubrica
1034 2485 1185 2550 illinunt.
1222 2487 1308 2551 Cha-

249 2571 355 2634 'risius
387 2593 420 2656 p.
447 2574 518 2633 178.
555 2573 770 2636 examussim.
820 2569 967 2636 Plautus
984 2572 1021 2635 iu
1037 2571 1308 2658 Amphitryone.-

258 2654 491 2719 Examussim.
505 2666 554 2718 est
582 2657 731 2741 optima:
760 2654 817 2719 ubi
831 2655 995 2737 Sisenna,
1016 2675 1080 2742 pro
1096 2658 1308 2735 examinato,

229 2765 235 2785 ¹
258 2740 393 2826 iuqrrit:
415 2742 560 2803 amussis
580 2743 671 2805 araim
686 2755 736 2806 est
754 2739 873 2806 labaala
889 2739 1064 2823 radicata,
1086 2765 1173 2828 quae
1191 2742 1309 2807 dimit·

258 2825 346 2888 titur
360 2825 585 2890 erautiuaudi
611 2828 723 2914 operis
744 2827 886 2913 gratia,
913 2851 960 2892 aa
980 2838 1110 2891 rectum
1128 2849 1214 2913 opus
1229 2851 1309 2894 sur-

256 2924 335 2996 gat.
380 2911 511 2973 Plautus
537 2923 672 2998 usurpat
697 2911 968 2976 etrecentissimi
991 2923 1138 2977 vetustae
1162 2933 1307 2979 consue-

258 2995 381 3058 tudinis
399 2995 624 3062 aemulatores.
667 2997 729 3060 Per
750 2996 981 3084 metaphoram
998 2997 1159 3084 significat
1181 3012 1308 3082 exacte,

259 3091 428 3162 accurate,
452 3081 642 3168 diligenter,
662 3083 835 3148 sedetiam
855 3080 1021 3164 absolute,
1043 3082 1201 3170 perfecte.

362 3201 452 3254 Plaut.
468 3201 550 3254 Most.
565 3201 591 3266 1,
608 3201 634 3268 2,
650 3201 693 3254 18.
711 3204 788 3255 aedes
800 3193 879 3271 ¹apuam
894 3204 1022 3270 extemplo
1035 3211 1097 3255 suat
1109 3190 1244 3276 paratas,
1267 3223 1310 3259 er-

324 3286 441 3355 paldus,
451 3287 547 3349 factae
561 3289 655 3353 prote,
674 3289 849 3352 examussim,
866 3287 982 3340 laudaut
990 3289 1112 3353 fabrum.
1144 3289 1219 3342 Men.
1234 3291 1309 3344 Ptol.
1364 3279 1365 3288 ἵ

325 3367 369 3421 50.
394 3375 424 3420 at
445 3369 515 3427 bauo
542 3386 597 3420 rem
618 3372 692 3421 colis
713 3372 873 3423 examussim
891 3371 1030 3440 disputem.
1062 3372 1170 3440 Apulei.
1198 3374 1309 3428 mett

306 3445 354 3520 Vp.
372 3443 432 3516 128,
453 3451 496 3504 13.
520 3469 607 3506 ceram
628 3455 657 3505 iu
672 3455 776 3507 madum
796 3463 975 3522 prosectarum
988 3460 1138 3522 sarmatam
1159 3459 1311 3512 auriumei

327 3538 467 3605 applicant
490 3539 656 3590 examassim.
700 3540 757 3602 (iar
782 3556 849 3591 vero
871 3541 968 3592 Carrio
994 3542 1066 3607 apud
1088 3541 1213 3596 Gelliam
1235 3545 1263 3610 1,
1285 3543 1309 3598 l.

249 3693 260 3705 ,
327 3621 365 3672 cd
381 3621 505 3672 amussim
521 3629 643 3675 mutaret
656 3622 684 3674 in
699 3627 874 3690 examussim,
899 3626 976 3677 nulla
991 3631 1051 3678 erut
1065 3643 1170 3680 caussa.

363 3721 454 3774 Pluut.
471 3721 569 3789 Amph.
586 3723 611 3789 2,
628 3725 654 3790 2,
667 3725 727 3779 213.
753 3746 805 3780 uae
818 3728 871 3780 istc
887 3729 994 3795 edepol,
1019 3729 1043 3779 si
1060 3730 1124 3782 baec
1141 3747 1208 3783 cun
1224 3731 1312 3802 iaqui-

327 3813 386 3869 tur‚
406 3809 561 3859 examussim
584 3816 621 3861 est
642 3817 757 3878 optuma.
791 3811 902 3878 Apulei.
925 3814 990 3866 Met.
1013 3811 1038 3866 4.
1062 3831 1089 3880 p.
1110 3813 1171 3879 15⁰,
1192 3815 1237 3869 ὃὸ.
1267 3837 1313 3872 nec

327 3891 410 3942 serius
433 3891 596 3960 'lbraspleca
616 3896 770 3946 examussim
795 3905 872 3964 capta
893 3899 976 3950 noetis
996 3899 1149 3951 latrocinali
1169 3911 1314 3967 momenta,

327 3973 446 4042 prorepit
462 3992 551 4028 cavea.
578 3976 621 4028 11.
638 3996 664 4045 p.
679 3977 738 4030 ml,
763 3983 944 4034 saturantium
963 3989 1036 4037 statu
1056 3991 1134 4054 arque
1152 3985 1253 4042 tutta
1268 4005 1313 4042 ex·

328 4057 453 4112 amussim
470 4069 615 4118 nocturnas
632 4063 748 4136 imagini
762 4073 954 4136 congruentem.
