2782 4730
251 339 315 402 soo
572 327 822 396 urrunnun.
865 287 989 394 ursi(

339 490 390 552 10.
418 481 599 550 decedente
631 503 734 570 quum
759 480 901 549 solvitur
931 477 1080 544 notionis
1104 500 1227 564 nexus,
1268 493 1301 548 et

254 583 431 658 utrumque
452 568 646 635 vocabulum
673 589 766 632 suam
799 566 964 632 rationem
988 563 1106 644 habet,
1129 577 1159 630 nt
1187 588 1228 632 ue
1250 569 1300 642 di·‚

255 660 341 724 citur
358 656 465 722 etium
482 665 573 731 tum,
601 675 720 742 quum,
749 672 833 738 quae
856 651 1023 716 reddimus
1046 652 1135 716 ouelo
1162 591 1299 718 darnole
1370 726 1371 732 ἵ

254 743 323 820 uls,
355 741 443 807 aiecio
468 739 566 805 donn
587 762 696 806 menn.
745 737 784 804 Id
813 758 894 805 voro
927 737 1027 801 etiam
1058 733 1100 800 de
1129 758 1167 802 re
1189 736 1302 806 futura
1370 795 1371 828 ,

253 838 444 917 usurpatur.
1370 835 1371 854 ¹

358 945 417 1000 cio.
440 963 468 1016 p.
482 945 564 999 Rosa
585 943 647 996 Am.
668 943 712 1009 2⁰,
734 940 778 996 57.
804 941 908 996 enisuriu
929 941 1001 994 uoltis
1021 941 1146 1009 praeteri
1166 943 1300 1026 pidemuee

320 1048 367 1085 uos
382 1037 471 1084 nutem
488 1029 601 1082 monime
622 1029 720 1082 deletis
735 1029 763 1080 in
777 1045 820 1080 eos
832 1027 958 1095 impetum
968 1027 1076 1094 faeere,
1101 1027 1146 1096 qui
1159 1035 1300 1080 merentur.

321 1117 380 1168 Hos
394 1115 492 1184 populo
506 1113 688 1184 gratissimum
704 1120 749 1168 eet.
785 1113 888 1166 Deinde
898 1112 922 1163 ei
931 1111 1031 1173 voletis,
1046 1110 1127 1164 etium
1142 1118 1207 1174 tum,
1223 1128 1302 1179 quum

321 1199 528 1253 uerisimile-erit
548 1199 659 1266 aliquem
680 1197 850 1261 commisisse,
877 1195 907 1248 in
920 1195 1065 1265 suspicione
1079 1195 1211 1248 lotrotote.
1239 1195 1301 1247 Sal-

321 1286 386 1338 lust.
402 1285 515 1353 uragu.
537 1281 564 1346 1,
584 1282 619 1334 lu
634 1281 706 1350 (20),
727 1281 753 1335 t.
778 1298 907 1349 nusquam
924 1282 1004 1334 etiam
1025 1287 1081 1332 tune
1096 1278 1224 1347 Lepidum
1237 1297 1302 1348 pro-

300 1377 443 1440 ·gr'emum
465 1367 588 1430 aiebant,
622 1383 702 1434 quum
724 1366 832 1436 priuato
853 1359 931 1418 aima
957 1363 1149 1434 opprimundae
1170 1363 1302 1416 libertatis

324 1453 440 1522 cepisset.
476 1451 533 1503 cio.
556 1469 582 1518 p.
604 1451 698 1503 Flauo.
712 1448 738 1515 4,
756 1447 781 1502 9.
805 1465 868 1502 nom
891 1450 914 1501 si
936 1451 992 1518 quis
1012 1465 1135 1518 umquam
1152 1448 1185 1499 de
1206 1447 1304 1501 nostrie

323 1537 472 1590 nominituo
491 1553 509 1588 o
524 1551 622 1605 genere
637 1535 687 1588 isto
703 1534 791 1586 studio
807 1551 839 1586 no
856 1534 991 1586 uoluntate
1009 1551 1063 1586 non
1077 1531 1221 1584 ulleoreens
1235 1532 1302 1597 fuit,

322 1638 364 1672 me
378 1627 404 1672 et
419 1636 472 1671 esee
487 1619 619 1684 arbitror,
645 1625 669 1670 et
683 1616 772 1686 magia
792 1618 959 1681 etiamtum,
985 1635 1063 1686 ququm
1080 1617 1143 1686 plue
1162 1623 1222 1668 erut
1246 1616 1302 1680 otii,

318 1705 413 1771 juisse.
433 1721 459 1771 p.
474 1703 549 1754 Sext.
563 1700 607 1766 38,
621 1699 665 1754 81.
684 1718 721 1752 nn
735 1701 891 1753 etiamtunc
908 1702 1086 1770 quiesceretis,
1106 1700 1304 1765 eunmoremini,

326 1788 469 1850 timeretis,
486 1801 565 1854 quum
582 1803 637 1838 rem
649 1786 784 1856 pullicum
798 1804 816 1839 u
824 1785 1058 1854 facinorosissimis
1071 1784 1220 1837 sicuriie—
1229 1801 1305 1838 oeae

321 1877 417 1940 putum
433 1869 576 1922 videretis?
696 1875 698 1882 “

344 1997 395 2056 11.
422 1991 511 2056 Tum
533 1991 639 2057 etium
661 2012 729 2078 quo
752 2011 849 2056 sensu
875 1967 1022 2074 dicatur,
1048 2011 1147 2078 supra
1170 1992 1305 2080 exposi-

257 2086 328 2142 tum
345 2088 405 2142 est.
448 2078 516 2142 Noe
541 2077 638 2142 dunin
661 2077 759 2142 uncle.

360 2193 473 2249 Terent.
491 2195 542 2249 Ad.
567 2194 593 2261 5,
612 2195 638 2263 3,
659 2194 704 2248 64.
734 2197 852 2265 equidem
867 2196 959 2263 filium
981 2201 1037 2248 tum
1058 2195 1156 2260 etiem,
1181 2195 1206 2248 ei
1228 2199 1305 2264 nolit,

325 2295 436 2349 sogam,
452 2287 483 2333 ut
498 2297 555 2332 eum
570 2281 618 2332 illo
633 2299 688 2334 uno
703 2282 784 2333 eulet.
820 2280 909 2334 Tuait.
918 2282 986 2334 Ano.
998 2278 1024 2345 d,
1032 2277 1074 2332 61.
1090 2281 1174 2348 primi
1189 2283 1305 2333 emnium

326 2363 438 2434 Ephesii
460 2365 549 2418 adiere
570 2372 744 2427 memorantes
769 2391 804 2405 -
824 2382 876 2418 esso
897 2394 932 2404 —
958 2366 1045 2417 lucum
1070 2363 1232 2434 Ortygium,
1260 2367 1305 2418 uli

303 2447 458 2501 ‘stratonem
477 2454 560 2517 portu
583 2450 728 2518 grauidam
753 2457 779 2502 et
800 2451 888 2514 oleae,
916 2466 984 2518 quoe
1003 2456 1060 2504 tum
1082 2448 1164 2502 etium
1186 2459 1304 2516 maneat,

325 2532 448 2587 annuum
465 2533 575 2587 edidisse
590 2551 624 2588 eu
641 2535 759 2593 numina,

697 2702 857 2798 ETSI.

341 2845 391 2912 De
408 2847 564 2934 particulo
579 2867 657 2916 ETsI
672 2849 741 2921 fore
758 2851 870 2920 omnia
891 2850 1028 2916 dioeudn
1048 2859 1144 2935 sunt,
1165 2869 1251 2940 quae
1266 2852 1308 2918 de

259 2931 419 3018 particula
442 2933 579 2998 etiamsi
604 2935 670 3014 iatn
695 2937 849 3004 diximus.
906 2937 983 3016 Quo
1005 2947 1114 3002 eutem
1138 2939 1247 3002 modo
1274 2951 1309 3004 et

260 3018 350 3102 noire
367 3019 473 3103 possit
495 3041 571 3082 cum
593 3021 625 3084 ei
646 3023 681 3086 in
706 3021 795 3094 huno
817 3041 968 3101 sensum,
989 3045 1034 3086 ex
1047 3023 1084 3088 iis
1101 3023 1308 3112 intelligitur,

261 3123 343 3186 quae
361 3125 460 3190 supra
478 3105 517 3170 de
541 3116 574 3172 et
622 3108 785 3177 raetiam
808 3107 918 3195 posito
940 3117 972 3171 et
996 3107 1037 3172 de
1055 3107 1252 3174 affirmativa
1276 3111 1310 3174 vi

258 3186 355 3276 huius
379 3191 555 3276 particulae
607 3193 829 3280 isputavimus.
852 3193 1099 3280 Antiquissimi
1124 3197 1308 3281 scriptores

259 3272 344 3336 hanc
362 3297 476 3339 vocem
496 3288 671 3361 usurpant,
693 3290 725 3342 et
749 3279 869 3370 optimi
890 3289 1057 3361 oratores,
1086 3279 1143 3362 sed
1167 3281 1310 3346 minime

259 3381 353 3444 saepe
380 3370 507 3447 poetae.
566 3363 720 3461 Virgilius
751 3365 899 3430 enim-et
923 3364 1079 3429 Horatius
1108 3387 1309 3454 numquam,

259 3441 412 3510 Tibullus
429 3446 556 3510 duobus
572 3447 655 3518 loeis
671 3450 721 3517 vel
738 3471 825 3525 uuo,
847 3450 1034 3536 Propertius
1050 3451 1152 3515 semel
1170 3456 1265 3532 2,19‚
1279 3459 1309 3516 1.

260 3529 354 3594 dixit.
379 3530 516 3615 ,Cicero
540 3543 573 3596 et
595 3535 713 3598 Caesar
737 3535 819 3600 nihil
844 3533 1054 3621 frequentius.
1096 3534 1155 3602 tlte
1170 3537 1255 3602 adeo
1273 3538 1310 3602 in

261 3616 357 3701 epist.
384 3621 413 3680 1.
438 3617 513 3681 libri
537 3621 730 3705 6.,quatuor
755 3620 874 3708 primas
891 3623 1130 3686 enuntiationes
1147 3621 1312 3691 formavit

262 3722 321 3782 per
338 3701 433 3765 verba
450 3703 699 3784 etsi—lumen,
720 3707 754 3770 iu
773 3727 851 3792 quo,
873 3715 909 3768 ut
928 3707 972 3770 ait
987 3705 1164 3792 Manutius,
1188 3710 1218 3776 si
1237 3710 1313 3796 quis

173 3789 176 3797 '
259 3783 360 3850 hodie
376 3797 528 3852 nostrum
542 3788 740 3869 offenderet,
764 3793 910 3855 excusari
928 3792 982 3856 vix
1000 3804 1124 3878 posset.

362 3907 442 3976 Apud
464 3908 606 3963 Tibullum
627 3909 654 3973 1,
671 3909 697 3974 u,
713 3909 739 3962 e.
764 3911 801 3964 uls
816 3911 911 3964 miser.-
936 3913 985 3966 etsi
1008 3915 1066 3982 quia
1080 3914 1171 3983 primo
1185 3913 1314 3985 periuria

328 3992 411 4056 uelut,
449 4010 510 4047 seru
532 4000 622 4046 tamen
649 3996 737 4048 tooitis
763 3995 851 4049 Poena
878 3996 950 4048 osuit
976 3998 1094 4065 peditus,
1130 4000 1169 4054 Η.
1193 3999 1315 4054 Vossius

327 4075 450 4143 rhythmi
466 4094 562 4131 caussa
576 4079 685 4146 scripsit
700 4088 725 4132 et
738 4083 777 4146 si,
797 4097 850 4134 nou
870 4089 1041 4149 repugnante
1062 4081 1250 4151 grammatius
1265 4099 1317 4134 ru-

329 4157 418 4225 tione,
443 4168 472 4212 ut
493 4168 569 4229 putet
585 4164 819 4233 Wunderliehius,
847 4172 875 4220 et
890 4167 1005 4220 fortasse
1018 4169 1054 4220 ab
1069 4167 1161 4236 ipsum
1175 4166 1315 4222 rooubnli
