2782 4730
268 383 343 462 ou„
767 369 839 438 EX·

339 541 436 592 aratos
445 533 539 601 factm
548 490 879 600 pmsiieat-luomiliia
894 527 1180 598 ingeramissmenia?
1199 531 1317 602 144431,

342 618 445 687 11,14.
472 615 642 673 Masinissam
654 613 784 668 1144444444
803 631 834 668 es
853 613 926 668 44444
948 615 1061 669 amioum
1076 619 1193 682 samum.
1221 618 1316 675 lustin

338 706 383 771 14,
396 702 423 770 4,
437 701 464 755 u
503 699 565 755 uis.
584 698 616 764 2,
633 697 726 765 24,1.
750 697 958 754 walemeis
975 715 1031 755 una
1050 700 1163 758 deitate
1182 697 1317 758 4444444444

334 796 448 861 fecerat.

373 893 483 948 Luccei.
504 887 530 954 l,
551 885 612 941 lut.
628 851 761 954 flerent
749 899 854 939 iuuenes
879 821 966 938 4444444
987 900 1020 939 es
1041 835 1199 953 infantilem*
1215 890 1317 959 parcis.

340 979 400 1038 1144
421 976 502 1031 414444
522 970 753 1036 Pinnensem,
775 971 802 1037 2,
822 969 865 1024 79.
891 987 977 1030 censen
998 975 1107 1028 44444444
1122 974 1218 1042 filium
1241 976 1318 1029 uideo

340 1069 492 1134 corruptum
503 1059 549 1112 ,1444
564 1075 595 1111 es
612 1057 775 1110 adolescente
790 1057 895 1126 optimo.

373 1166 486 1219 Terent.
498 1161 582 1215 Andr.
598 1158 625 1224 1,
639 1157 665 1224 1,
681 1156 724 1210 lu.
745 1158 818 1224 feci,
843 1175 876 1210 ea
894 1174 969 1210 seruo
983 1165 1014 1212 ut
1028 1177 1099 1225 essee¹
1116 1161 1228 1216 libertus
1243 1163 1318 1215 milss'.

337 1249 435 1322 Lysias
450 1264 477 1315 p.
490 1245 549 1310 179,
566 1242 608 1297 26.
629 1239 660 1296 ἐκ
671 1239 789 1310 aisnsoe
802 1239 946 1304 4444444444.
979 1243 1037 1297 044.
1051 1245 1129 1298 Part
1143 1245 1317 1310 444417,57.

338 1336 409 1390 nihil
419 1340 457 1386 eet
473 1331 541 1383 enim
555 1335 611 1382 tam
625 1327 773 1380 miserabile
784 1345 864 1396 qaam
880 1346 912 1382 44
927 1329 1003 1380 beato
1016 1328 1102 1381 miter.
1131 1329 1230 1383 414441.
1239 1329 1267 1395 4,
1277 1330 1317 1383 414.

338 1419 421 1491 qnod
420 1415 509 1469 consul
524 1414 601 1468 444444
615 1413 749 1479 easulpue,
768 1429 800 1464 es
814 1415 901 1464 casule
917 1412 1015 1464 conoul.
1048 1411 1153 1465 Ennius
1167 1414 1246 1482 apud
1262 1414 1317 1468 044.

338 1498 504 1562 4404891
518 1495 561 1560 45
576 1495 636 1548 199·
657 1507 722 1564 quos
741 1512 792 1568 ego
805 1514 864 1551 mea
879 1513 927 1610 ope
941 1513 974 1548 ex
991 1496 1098 1551 incertis
1114 1503 1197 1550 444444
1214 1512 1318 1569 compa

338 1597 426 1656 tesque
442 1582 534 1635 consili
548 1579 661 1633 dimitto.

372 1687 470 1743 Sence.
485 1680 676 1752 441448,17,
691 1681 717 1734 2.
732 1675 815 1752 pigre
835 1697 870 1734 ea
883 1679 1079 1734 Macedonem
1101 1683 1217 1736 libero
1205 1701 1239 1736 sn
1258 1703 1318 1755 pos-

338 1767 782 1827 sieamsesuitutemtranoeuntum.
804 1766 896 1819 Valet.
904 1765 977 1818 Max.
989 1765 1014 1830 l,
1023 1766 1049 1830 l,
1055 1764 1111 1818 14.·
1109 1769 1211 1836 ¹quiea
1221 1770 1319 1824 victore

335 1851 520 1927 speciooiseimo
535 1849 638 1902 insidiis
652 1851 809 1904 Asdrubalis
820 1858 845 1904 44
859 1851 997 1921 Xantippi,
1016 1851 1221 1930 Lacedaemonii
1237 1856 1317 1919 ducis,

218 1971 222 1976 ·
275 1982 278 1988 .
337 1943 375 1996 aet
391 1934 563 1992 miserabilem
577 1935 675 2004 captiui
683 1938 803 2002 formam
818 1937 950 1988 deductos.
986 1933 1044 1987 Cic.
1060 1952 1088 2002 p.
1103 1937 1186 1989 Reae.
1202 1938 1268 1991 Am.
1277 1939 1316 2002 19,

265 2029 269 2033 ’
336 2023 380 2079 541.
395 2023 484 2090 itaque
498 2032 531 2071 ex
545 2019 655 2071 minima
664 2019 866 2090 tenuissimaque
875 2019 1009 2116 repullico
1023 2019 1168 2073 maximam
1179 2028 1206 2074 et
1213 2025 1317 2090 fimen-

335 2108 463 2166 tieeimam
480 2099 554 2156 nobis
569 2101 744 2172 reliquemsnt.

371 2204 510 2276 Spartica.
526 2203 620 2258 sever.
635 2204 678 2258 14.
704 2205 876 2280 Plautianum
889 2222 923 2260 ex
937 2204 1107 2271 amiciseimo,
1134 2197 1251 2277 cognita
1265 2210 1318 2263 eins

337 2294 410 2357 oita,
427 2291 468 2343 ita
484 2289 544 2344 odio
558 2288 665 2354 1444444,
685 2297 715 2343 ut
736 2299 761 2344 et
780 2293 879 2345 14444444
891 2279 1025 2368 publicum
1041 2290 1200 2358 appellaret.

370 2392 449 2462 Quod
465 2390 642 2476 Ruhnkenius
658 2398 799 2460 comparat
813 2393 912 2463 virgil.
929 2393 996 2446 Aen.
1011 2392 1053 2455 19,
1072 2391 1132 2446 229.
1158 2412 1231 2462 quas
1245 2398 1317 2450 alma

281 2549 282 2552 Ἴ
338 2479 437 2548 Cybebe
451 2467 548 2528 numen
559 2477 655 2530 1444444
669 2477 760 2543 maris,
778 2479 957 2550 nymphasque
970 2495 984 2530 e
997 2478 1108 2532 44444444
1122 2495 1178 2558 esse
1191 2480 1316 2538 iusserat.

337 2563 373 2618 44
386 2559 502 2630 originis
515 2559 653 2613 notionem
668 2561 760 2617 neiero
776 2563 811 2614 ob
831 2563 946 2614 verbum
961 2578 1022 2616 esse.

319 2683 406 2747 52.
433 2657 498 2741 Sed
520 2698 589 2742 non
609 2687 738 2742 tantum
756 2677 796 2742 dc
810 2677 997 2743 conditione
1013 2675 1191 2744 hominum
1206 2691 1318 2747 trans·

268 2745 394 2834 4444444
422 2774 615 2848 usurpatur,
647 2785 761 2828 vorum
786 2765 885 2833 etiem
909 2763 1069 2828 derebus
1093 2775 1190 2830 44444
1218 2789 1318 2833 0444-

268 2851 398 3018 pag}
377 2857 408 2913 44
430 2858 545 2934 postea
568 2869 643 2952 ouon
667 2848 737 2914 aliis
757 2839 979 2954 commutatis.
1006 2850 1156 2917 Gronov.
1175 2851 1318 2922 Observ-

370 3051 449 3104 0444.
463 3051 576 3106 Bou·
552 3070 605 3106 osv.
626 3052 713 3118 1,79.
739 3071 773 3108 ex
793 3053 901 3126 magnis
921 3035 1030 3124 supilus
1047 3033 1189 3123 planitiem
1210 3067 1319 3130 nactus,

332 3135 428 3194 initae
444 3144 537 3200 eontra
552 3137 650 3191 leoslem
660 3139 742 3193 eciem
757 3139 872 3192 iustruit.
910 3137 1062 3214 Gronovius
1080 3139 1223 3208 explicet:
1244 3153 1319 3216 post-

334 3235 417 3288 quam
428 3219 533 3289 aliquid
546 3219 628 3290 spatii
642 3238 724 3290 rupee
739 3227 921 3290 occuparunt,
938 3222 1064 3306 pronima
1076 3222 1130 3276 fuit
1148 3227 1302 3294 planicies

348 3337 401 3404 68.
421 3325 591 3404 Praeterea
608 3338 648 3402 de
663 3361 700 3402 re
716 3349 842 3405 mutatu
863 3349 1042 3428 usurpetur
1063 3339 1165 3407 eninm
1187 3345 1259 3429 ite,
1283 3358 1319 3410 ut

266 3419 309 3486 eit
328 3420 401 3488 loco
424 3423 569 3488 alicuine
595 3424 658 3489 rei.

290 3595 294 3605 ,
365 3541 541 3608 1144.1,9,.2
547 3541 661 3612 quippe
678 3559 709 3596 es
722 3549 848 3613 perpetuo
863 3561 980 3602 annuam
989 3544 1108 3612 placuit,
1126 3563 1160 3599 es
1174 3547 1321 3622 singulari

330 3621 436 3694 duplex
472 3627 505 3678 Id
525 3644 557 3680 co
577 3626 791 3693 maledicitur,
818 3626 946 3696 quoLiv
963 3626 1088 3694 2,24,.1
1110 3631 1179 3683 atleo
1192 3635 1271 3689 uuas
1286 3653 1320 3690 44

329 3727 385 3764 una
403 3710 510 3765 ciuitate
527 3711 661 3764 diaconilia
672 3713 785 3777 fecerat.
843 3715 849 3724 “

343 3828 398 3894 54.
429 3827 582 3926 Sigonius
605 3825 765 3892 duobus
756 3848 791 3890 m
813 3827 894 3894 lo'cis
918 3829 1000 3894 Livii
1019 3852 1061 3895 eo
1082 3853 1148 3918 pro
1164 3850 1320 3918 practer

260 3911 407 4000 positum
430 3915 491 3980 sibi
515 3913 599 3978 visus
621 3911 852 3977 estinvenisse.
896 3915 1012 3986 Sedin
1029 3916 1133 3982 altero
1156 3924 1214 4002 29,
1235 3931 1266 4004 1,
1284 3931 1316 3988 2.

259 4018 360 4062 nemo
377 3999 457 4064 elius
474 3998 630 4063 dubitavit
647 3996 745 4063 verbu
765 4019 806 4061 ex
825 3999 869 4062 iio
893 4011 1059 4066 trecentos
1077 4003 1233 4090 occipere
1249 4031 1316 4095 pro

260 4104 375 4148 eorem
396 4083 574 4164 trecentis,
603 4104 710 4180 neque
733 4083 843 4154 minuo
867 4083 902 4152 in
926 4085 1029 4152 altero
1051 4085 1127 4152 loco
1154 4093 1315 4175 6,1,10.

260 4165 301 4234 de
316 4188 382 4254 quo
397 4168 462 4234 vid.
478 4167 677 4236 Gronovius.
