2782 4730
570 355 655 445 ΕΚ.
707 397 711 402 -
1068 365 1143 428 aas.

185 511 412 580 0111116161.
437 521 511 584 quem
533 515 627 583 procad
649 527 681 565 ea
706 505 775 582 olgo
795 511 899 566 moestis
924 512 1022 570 Minois
1043 516 1130 570 ocellis

148 617 229 658 aureo
244 607 274 652 ut
289 600 394 668 effigie·
409 598 563 652 bacchantia
576 596 711 666 prospicit,
732 613 803 650 essoc-
829 594 889 650 255.
907 615 978 664 ecoe,
996 600 1129 654 tueban-

151 685 201 749 ttr,
220 701 298 750 ceos,
315 684 407 760 capito
421 681 587 755 inflectenda,

97 1068 99 1076 ·
162 1034 216 1098 Ex
234 1051 385 1120 graecum
402 1029 432 1106 ἐξ
453 1051 522 1093 esse
537 1053 600 1118 per·
612 1053 648 1094 se
665 1037 765 1127 patet.
810 1029 909 1096 Citius
926 1031 1014 1095 vocis
1030 1051 1127 1117 aspe-

80 1111 205 1182 riorem
219 1137 338 1180 sonum
356 1135 460 1200 quum
477 1117 593 1184 Graeci
611 1137 732 1178 omissa
748 1114 870 1178 ultimo
882 1127 972 1202 parte
998 1140 1014 1180 a
1036 1118 1127 1180 miti-

79 1213 226 1289 gassent,
246 1200 353 1264 Latini
370 1210 500 1290 praeter
516 1200 796 1288 compositionem
812 1200 937 1264 litterae
950 1198 986 1286 f,
1008 1202 1043 1266 iu
1063 1222 1128 1286 qua

79 1297 111 1350 et
127 1284 187 1374 eef
194 1296 226 1348 et
242 1283 300 1374 eff
307 1285 475 1363 dicebant,
496 1307 564 1349 nou
580 1295 749 1350 mutarunt
766 1286 908 1350 litteram
920 1333 932 1364 „
951 1286 1005 1349 sed
1020 1296 1128 1350 totam

80 1374 286 1449 abiecerunt,
302 1380 376 1433 ante
393 1381 615 1436 consonantes
630 1369 811 1458 permultas
828 1393 846 1434 c
864 1372 1136 1456 pronuntiantes..

78 1457 148 1520 Hae
164 1457 291 1523 litterae
314 1459 348 1518 in
365 1457 563 1541 compositis
581 1456 748 1520 vocabulis
762 1465 840 1518 suut
854 1457 888 1534 b,
905 1456 938 1533 d,
954 1479 985 1542 g,
1001 1456 1023 1534 i,
1040 1456 1063 1533 l,
1079 1477 1132 1535 m,-

77 1563 112 1620 n,
127 1563 155 1620 r,
174 1562 203 1618 v,
228 1540 390 1604 vocabulo
409 1541 504 1604 exlex
522 1551 553 1604 ct
577 1540 619 1604 iis
640 1541 855 1618 nominibus,
885 1562 966 1626 quae
985 1541 1127 1604 bonori-

77 1625 139 1690 bus
162 1625 211 1692 vel
234 1625 379 1712 imperio
397 1623 569 1688 defunctos
584 1626 609 1690 si
636 1623 787 1699 nificant,
811 1627 976 1712 exeeptis:
1005 1625 1044 1689 de
1062 1647 1127 1711 qua

77 1733 116 1775 re
129 1711 282 1797 exposuit
304 1709 523 1778 Schneiderus
544 1711 576 1776 iu
598 1649 748 1775 (gramm.
762 1709 789 1778 l.
806 1732 844 1796 ps
858 1715 933 1776 561.
956 1711 1012 1794 qui
1029 1731 1127 1796 prae-

75 1807 164 1860 terea
198 1795 351 1881 exempla
382 1795 577 1886 antiquioris
615 1817 690 1858 usus
720 1795 849 1861 formae
880 1819 921 1858 ese
949 1805 1126 1860 monstrat.

74 1881 279 1967 Praepositio
294 1902 369 1944 cum
387 1879 578 1944 nominibus
595 1881 826 1966 coniungenda
846 1902 917 1943 nou
934 1880 995 1944 alia
1013 1881 1127 1964 regula

75 1966 204 2030 videtur
228 1966 381 2028 adstricta
406 1964 526 2042 fuisse,
555 1965 617 2026 uisi
641 1975 678 2026 ut
697 1988 735 2042 e,
756 1986 918 2028 concursu
942 1987 1126 2030 consonan-

75 2052 160 2128 tium
180 2059 309 2125 ortum,
334 2069 401 2110 nou
419 2059 610 2133 poneretur
633 2059 708 2112 unte
729 2050 870 2114 vocales..
910 2048 997 2114 Nam
1013 2072 1054 2114 ex
1073 2051 1130 2127 iis„

76 2155 158 2283 quas
174 2133 353 2210 nominavi,
373 2131 489 2198 litteris
507 2132 594 2196 nulla
611 2141 672 2203 est,
694 2155 835 2216 quacum
852 2147 920 2195 non
939 2135 1125 2220 composita

95 2219 177 2282 uerit
192 2241 250 2290 ex,
281 2218 474 2304 praesertim
501 2217 536 2280 iu
561 2217 758 2302 quibusdam
775 2217 951 2294 formulis„
979 2229 1015 2280 ut
1032 2219 1125 2283 vide-

76 2315 152 2379 tur,
173 2324 214 2366 ex
230 2302 421 2388 antiquitate
436 2301 581 2364 servatis.
626 2303 710 2364 Nam
727 2303 956 2386 antiquissimo
972 2312 1126 2387 tempore

75 2389 274 2472 ubicumque
298 2387 499 2472 usurpabant
515 2409 572 2461 ex,
596 2389 656 2450 etsi
679 2409 749 2450 nou
775 2388 918 2450 litteram
943 2409 984 2467 x,
1005 2387 1061 2450 sed
1089 2411 1124 2466 os

75 2473 292 2557 seripserunt.
332 2472 405 2536 Vid.
439 2471 659 2536 Schneiderua
694 2496 728 2558 p.
756 2477 840 2536 371.
868 2475 976 2556 Atque
999 2493 1041 2537 ex
1063 2471 1130 2536 illo

72 2569 226 2643 tempore
244 2579 319 2621 eum
345 2559 424 2644 ipsis
447 2557 602 2621 formulis
620 2558 817 2645 plerumque
832 2557 996 2641 primitiva
1014 2555 1125 2622 forma

75 2654 123 2707 est
138 2653 293 2706 servatas
316 2645 405 2706 Hace
422 2665 464 2706 ex
479 2644 694 2728 antiquorum
715 2641 1011 2728 grammaticorum
1023 2664 1124 2727 prae-

74 2729 188 2816 ceptis.
242 2728 313 2794 Vid.
338 2728 490 2793 Priscian.
520 2751 556 2814 p.
580 2729 654 2794 996.
711 2729 854 2792 scaurus
875 2749 910 2812 p.
937 2731 1054 2790 2262...
1080 2729 1127 2790 At

16 2823 18 2828 '
74 2836 176 2878 novae
198 2815 374 2878 sententias
393 2823 617 2902 conceperunt
635 2814 772 2900 quidam
794 2811 1000 2897 grammatici
1017 2811 1127 2876 nostri

73 2901 252 2985 temporis,
286 2900 342 2984 qui
369 2921 472 2984 quum
498 2900 668 2985 aequalem
701 2900 916 2982 constantiam
944 2897 1063 2983 longae
1091 2907 1126 2960 et

75 2995 246 3049 accuratae
265 2985 502 3048 observationis
522 2983 687 3071 professi,
717 2993 890 3070 praecepta
918 2980 1124 3048 confecerint

71 3071 351 3157 prorsusinterse
362 3069 538 3146 contrarie,
555 3073 659 3133 vereri
675 3091 735 3134 nes
753 3067 934 3153 oportebit,
949 3088 990 3128 ne
1006 3089 1127 3130 omnes

71 3177 130 3220 stru
151 3155 380 3218 observatione
405 3151 533 3239 decepti
559 3152 690 3218 fuerint
733 3153 1063 3236 AtqueGoerenuius
1080 3152 1123 3215 ad

73 3242 141 3306 (tie.
158 3239 255 3304 Acad.
271 3245 404 3319 ·1,1,42.
418 3250 449 3303 et
465 3239 507 3301 de
524 3238 593 3302 Flu.
611 3243 642 3315 3,
662 3241 713 3316 18ἰ
728 3243 781 3303 60.
795 3248 830 3299 et
845 3238 878 3300 iu
890 3235 1121 3302 IahniiAnaal.

72 3326 150 3390 vot.
168 3332 196 3391 1.
220 3349 254 3412 p.
272 3330 347 3391 626.
375 3346 445 3387 non
470 3324 709 3388 domonstravit
737 3323 889 3407 quidem,
920 3320 976 3384 aod
1001 3342 1036 3386 se
1061 3322 1121 3385 ali-

72 3411 206 3496 quaudo
225 3412 527 3476 demonstraturum
552 3431 623 3472 esse
641 3407 850 3496 significavit,
876 3428 1034 3501 maguum
1051 3407 1124 3470 dis«

75 3498 199 3559 crimen
221 3499 306 3560 iuter
329 3519 346 3561 e
372 3507 404 3560 ct
426 3518 467 3560 ec
491 3494 716 3572 intercedere„
740 3504 771 3557 et
787 3519 804 3561 c
823 3493 884 3558 dici
900 3493 1026 3556 maiore
1044 3514 1126 3556 carm

71 3581 121 3657 vi,
138 3580 247 3646 seder
262 3583 362 3670 poni,
381 3584 407 3645 si
424 3580 551 3671 pondru
567 3580 758 3644 adhaereret
772 3579 920 3656 nomini,
936 3599 1002 3642 uon
1021 3599 1119 3666 prae-

74 3665 247 3752 positioni:
279 3665 344 3734 boc
368 3678 434 3744 ost,
461 3666 488 3729 si
514 3675 600 3728 recte
618 3665 784 3750 intelligo,
813 3662 961 3732 formam
986 3685 1022 3741 e,
1048 3663 1118 3726 riou

71 3773 113 3814 ex
132 3749 285 3815 inservire
302 3745 505 3839 oppositioni
521 3751 725 3815 internarum
741 3769 852 3817 tertam
871 3747 1116 3832 exprimendae.

72 3836 199 3898 Contra
218 3836 454 3902 Ramsbornius
477 3838 684 3904 iuGrumm.
710 3857 744 3926 p,
760 3837 836 3900 460.
859 3843 889 3895 et
907 3832 1058 3896 Moserus
1076 3832 1117 3896 ad

73 3921 142 3986 Cic.
161 3918 201 3983 de
227 3920 270 3984 Rs
291 3944 323 4006 p.
357 3946 391 4011 p.
413 3927 481 3986 177.
506 3933 536 3986 et
558 3945 589 4010 p.
614 3925 686 3986 479.
719 3921 836 3982 dooere
862 3918 1054 3995 voluerunt,
1076 3940 1117 3982 ex

72 4005 167 4094 poni,
184 4005 463 4092 utsiguilicarctur
477 4007 600 4094 aliquid
615 4029 655 4073 ex
671 4003 986 4086 intimareialicuius
1002 4013 1117 4067 natura

71 4094 185 4167 exire,
217 4101 249 4155 et
266 4101 301 4158 ut
317 4091 414 4156 altera
432 4092 538 4156 forma
558 4093 654 4159 huius
675 4089 929 4178 praepositionis
947 4088 1069 4155 exitum
1085 4097 1117 4151 et

70 4177 204 4261 locum,
220 4177 306 4242 uude
321 4176 442 4266 aliquid
457 4177 741 4265 proficisceretur,
762 4175 863 4253 altera
880 4196 958 4242 vero
967 4221 978 4252 ,
999 4194 1082 4262 quae
1098 4193 1117 4240 e
