2802 4732
19 393 20 402 '
121 347 124 365 .
209 479 211 486 .
276 360 341 472 aaa
569 459 571 469 .
720 339 890 468 inrisu.

282 583 335 628 res
359 569 487 648 praeter
510 557 587 623 alias
611 576 679 620 esse
703 555 827 637 rnaior,
867 553 920 620 vel
951 555 1034 622 adeo
1062 559 1173 624 maior
1203 555 1330 624 dicitur.

282 649 314 712 Τ
317 669 376 712 um
389 647 496 710 etiam
511 665 582 706 non
604 641 754 705 inhaeret
769 644 897 706 notioni
918 645 1153 728 comparativi,
1177 644 1239 708 'sed
1254 661 1329 730 per-

283 735 365 798 tinet
375 732 415 795 ad
433 729 543 796 iudicii
559 726 716 791 formam.
751 727 862 812 Quare
874 729 1090 815 postponitur
1105 729 1187 810 sere,
1201 730 1330 816 quando

283 819 432 905 sequitur
446 836 560 903 qrram.
603 814 761 878 Germani
776 813 893 878 eodem
908 814 1012 878 modo
1029 813 1236 902 distinguunt
1250 817 1331 880 necle

283 905 396 978 besser
418 913 451 968 et
472 900 582 966 besser
605 899 699 962 necle.
743 899 842 967 Hanc·
857 920 936 963 vero
959 899 1086 985 legem,
1115 923 1192 964 cum
1211 901 1331 987 reliqua

284 987 549 1054 ordinandorum
565 986 744 1051 uerborum
760 984 932 1072 disciplina
948 991 1203 1070 congruentem,
1219 1005 1332 1050 omnes
1383 1005 1384 1012 ¹

283 1066 365 1140 bairi
389 1075 566 1158 scriptores
591 1081 793 1158 sequuntur,
834 1071 899 1136 nisi
924 1070 986 1136 alia
1015 1093 1125 1135 caussa
1155 1067 1331 1137 verborum
1382 1087 1384 1152 ξ

285 1155 437 1226 ordinem
455 1157 641 1224 inversione
658 1167 798 1238 mutat,
815 1167 871 1220 aut
893 1158 1093 1256 negligentia
1116 1167 1241 1244 peceat.
1285 1139 1331 1221 Al»

283 1257 379 1312 instro
396 1267 483 1310 enim
501 1253 681 1307 sententiae
696 1263 763 1334 site
783 1253 957 1306 commatis
972 1265 1055 1306 inve·
1074 1266 1116 1307 no
1133 1265 1231 1330 saepe
1245 1243 1292 1307 lit.
1382 1269 1384 1342 p

387 1349 458 1416 Aug.
475 1345 658 1399 Grotelendns
674 1345 703 1398 in
720 1346 844 1397 Gramm.
861 1362 888 1413 p.
906 1342 966 1397 26⁰.
985 1344 1065 1397 docet
1083 1346 1167 1399 etiam
1183 1351 1334 1399 antecom-
1382 1357 1384 1376 ¹

244 1416 259 1447 '¹
353 1432 510 1505 parativam
525 1428 683 1498 significare
697 1431 763 1482 adeo
779 1430 883 1495 adbuc,
908 1446 992 1498 sogar
1006 1430 1090 1495 acab,
1115 1436 1178 1498 post
1193 1447 1334 1498 compern-

304 1543 306 1550 ·
352 1519 441 1572 tivum
459 1513 563 1579 adbuc,
590 1509 683 1568 nectu'
702 1513 877 1568 Contrarium
892 1518 942 1568 *est
965 1530 1062 1567 verum
1082 1518 1110 1567 et
1130 1514 1220 1568 malta
1242 1515 1334 1568 obser-

353 1599 464 1660 vatione
481 1577 509 1651 tit
523 1585 631 1651 ratione
647 1583 846 1664 confirmatam.

387 1680 544 1737 Discrimen
555 1680 644 1750 quivis
655 1683 738 1736 facile
752 1682 852 1737 sentiet
859 1681 904 1738 his
915 1683 1098 1753 temperatim
1115 1684 1197 1738 cera.
1206 1684 1271 1739 Die.
1278 1685 1303 1750 l,
1310 1683 1334 1738 ὃ.

352 1769 402 1823 etsi
414 1765 535 1835 Dionysii
549 1755 692 1823 crudelitas
706 1770 731 1822 ei
746 1765 917 1840 displicebat,
941 1777 1034 1822 tamen
1047 1770 1153 1822 saluum
1168 1775 1280 1839 prepter
1292 1788 1335 1822 ae-

325 1917 328 1922 *
351 1852 551 1917 consuedinem,
572 1853 664 1923 magis
677 1855 758 1907 etiam
771 1843 985 1908 suorumcaussa
995 1853 1127 1906 studebat.
1161 1851 1243 1904 Hace
1258 1870 1334 1906 neme

197 2007 200 2020 Ι
231 1940 240 1953 ”
349 1935 461 1990 reddet:
482 1937 550 1990 neela
565 1933 639 1990 melrr
651 1957 744 2009 weges
761 1936 808 1992 der
823 1940 961 2009 Seiuigen,
979 1932 1027 1991 sed
1041 1939 1118 1990 meltr
1130 1938 1199 1988 necle
1212 1955 1246 1990 aa.
1256 1934 1283 1992 d.
1292 1940 1319 1991 S.

387 2039 500 2094 Terent·
515 2040 566 2093 Ad.
579 2035 605 2105 3,
620 2039 646 2105 l,
664 2041 707 2095 21.
725 2043 843 2094 neudum
858 2041 975 2107 audisti,
994 2042 1112 2106 Demea,
1131 2042 1201 2109 quod
1215 2049 1256 2094 est
1269 2060 1334 2112 gra·

352 2128 492 2180 tissimum.
524 2141 570 2179 nn.
599 2127 643 2178 Aa
657 2127 771 2194 quidest
784 2127 866 2179 etiam
884 2126 1025 2196 amptius?
1053 2143 1100 2179 nn.
1130 2126 1197 2178 Vere
1211 2128 1334 2196 amptius.

354 2212 412 2266 cte.
433 2210 468 2262 de
488 2207 543 2268 Oli.
562 2205 720 2276 1,3t‚1ot.
747 2211 778 2262 nt
801 2205 872 2263 enim
892 2211 922 2262 in
945 2211 1098 2279 corporibus
1117 2225 1239 2280 magnae
1261 2212 1335 2265 dissi-

353 2296 518 2351 militudines
533 2300 595 2346 sunt
606 2320 657 2358 -,
678 2293 712 2346 “ic
730 2290 760 2348 in
772 2291 870 2347 animis
885 2292 1012 2348 exsistunt
1024 2291 1106 2348 etiam
1122 2296 1239 2352 maiores
1251 2298 1335 2350 carn·

258 2372 260 2378 ’
350 2388 430 2436 tates.
464 2379 498 2432 de
513 2378 575 2431 rin.
590 2376 616 2442 5,
632 2376 674 2443 2⁰,
689 2375 732 2430 55.
760 2385 823 2430 sunt
842 2385 933 2432 autem
948 2381 1030 2433 etiam
1047 2367 1170 2449 'clariora
1193 2382 1235 2434 uet
1255 2383 1335 2451 ptaac

320 2451 323 2456 ¹
348 2466 497 2536 perspicue.
533 2462 652 2516 interr.
666 2457 744 2526 ete,
760 2461 823 2515 115.Ι
853 2464 933 2516 Brut.
947 2460 1064 2529 60221.
1085 2465 1134 2518 bec
1147 2466 1232 2518 etiem
1248 2457 1336 2536 magis

348 2550 531 2620 prebebatur,
556 2547 625 2615 qued
645 2553 704 2600 erat
722 2547 757 2600 ab
771 2548 921 2626 crateribus
936 2549 1069 2616 quaedam
1084 2549 1114 2601 in
1123 2553 1190 2616 sere
1204 2551 1335 2604 actitabas

352 2632 406 2685 nisi
430 2630 603 2686 scribendam
627 2631 676 2684 boc
694 2638 787 2686 nutem
807 2633 889 2684 etiem
910 2632 1008 2701 magis.
1044 2632 1177 2701 Quinctil.
1195 2635 1230 2704 0,
1246 2635 1279 2704 b,
1294 2635 1334 2690 tt.

351 2735 418 2770 nam
435 2724 461 2769 ct
477 2723 594 2770 coeuntes
617 2715 724 2768 litterae
743 2745 778 2756 -
796 2719 880 2771 etiam
902 2717 1027 2770 leniorem
1047 2721 1159 2785 facium
1181 2722 1337 2786 oraticnem,

350 2819 430 2881 mam
444 2801 468 2853 si
492 2799 582 2856 emnia
601 2802 683 2854 uerba
705 2817 753 2854 sue
766 2803 826 2868 fine
849 2803 999 2856 studeatur.
1033 2802 1175 2870 4‚1‚1e.
1200 2823 1286 2874 prum
1305 2807 1337 2860 sit

349 2886 491 2952 naturate,
516 2893 546 2939 ut
567 2881 665 2938 iudices
688 2883 738 2950 iis,
768 2897 831 2953 ques
854 2885 977 2939 libentius
999 2889 1130 2952 audiuat',
1160 2891 1246 2943 etiam
1263 2895 1337 2958 saci-

312 3023 314 3030 ,
349 2956 403 3023 tius'
416 2969 533 3024 credant.
551 2967 592 3024 ita
608 2963 685 3028 codd.
722 2968 778 3035 Qui
793 2967 961 3038 scripserunt
972 2974 1196 3040 sentientiam,
1220 2994 1337 3046 perver-

350 3072 410 3110 sam
435 3055 567 3111 exhibent
590 3052 769 3118 sententiam,
812 3053 892 3122 qnasi
913 3055 986 3123 qnod
1012 3057 1140 3125 credant,
1168 3077 1225 3113 non
1247 3056 1338 3132 ipsam

286 3161 288 3169 ’
348 3130 378 3192 iri
401 3136 505 3192 iudices
531 3137 630 3193 eadat·
660 3135 818 3205 10,1,95.
844 3141 959 3194 atterum
980 3140 1049 3194 iilud
1069 3143 1152 3195 etium
1169 3145 1252 3213 prius
1271 3150 1338 3202 sati-

349 3240 397 3276 rae
410 3240 511 3292 genus,
534 3225 580 3277 sed
600 3241 654 3277 aaa
671 3224 728 3277 seta
753 3225 903 3277 carminum
929 3225 1060 3278 uarietate
1080 3229 1193 3281 mistam
1219 3234 1338 3286 condidit

351 3307 488 3359 Terentius
506 3304 600 3360 Verre.
634 3309 751 3360 Frustra
765 3308 930 3363 luborabunt
943 3307 971 3362 in
985 3309 1030 3362 bis
1042 3312 1222 3379 expediendis
1238 3317 1339 3382 critici,

349 3407 433 3460 quum
449 3405 502 3442 non
515 3389 721 3460 intelligerent,
739 3392 957 3460 Quinctiliaanm
970 3393 1047 3464 loqui
1057 3394 1091 3448 de
1105 3393 1240 3454 satir-'aab
1250 3402 1339 3455 Ennia

346 3475 466 3544 primurn
489 3475 648 3544 composita.
689 3471 740 3529 Est
763 3476 851 3548 igitur
866 3479 930 3544 'jene
944 3480 1013 3532 neeb
1028 3483 1143 3546 seribere
1166 3483 1186 3536 i.
1203 3501 1231 3538 e.
1256 3488 1339 3539 dttere

345 3554 407 3613 Art}
442 3560 538 3628 Pomp.
557 3559 633 3612 Mela
647 3561 674 3627 1,
690 3562 734 3628 11,
755 3561 781 3614 l.
810 3563 968 3631 serietate
989 3564 1072 3618 litora
1094 3574 1167 3620 tenet
1187 3575 1338 3640 terrasque,

338 3644 430 3698 etiam
451 3645 534 3697 tatius
554 3644 694 3712 introrsus.
744 3647 790 3701 Its
820 3646 1068 3718 interpunctionem
1089 3651 1162 3704 bene
1190 3654 1340 3710 constitnit

297 3715 314 3788 s
346 3727 520 3784 Weiehettus
539 3745 625 3783 meus.
933 3723 951 3740 ”
1174 3745 1179 3750 “

282 3856 286 3868 ,
382 3811 441 3866 cie.
453 3812 572 3867 aarum.
587 3813 614 3879 5,
624 3811 719 3880 1a,1e.
743 3815 832 3884 iteqarc
845 3821 872 3869 te
882 3818 965 3887 ptaae
979 3818 1060 3871 etiarn
1076 3820 1341 3895 adsummi-ogo.

270 3951 276 3974 ·.
344 3903 375 3951 ut
391 3904 418 3950 et
435 3916 510 3951 ornes
524 3915 557 3951 ea
571 3899 748 3962 uehementius
762 3900 858 3965 etiam,
877 3915 956 3970 quarn
969 3905 1089 3969 sortasse
1102 3907 1201 3971 emis,
1223 3915 1252 3962 et
1265 3909 1301 3962 ta
1316 3924 1344 3959 ea

343 3981 417 4050 teges
441 3973 568 4036 bistesia'e
590 3984 724 4052 negligas.
759 3983 858 4037 Paullo
877 3991 951 4054 posta
976 3977 1125 4057 prietatem
1148 3991 1237 4043 etiem
1258 4007 1344 4060 φησι

343 4065 461 4118 concedit
475 4067 581 4121 ueritas.
617 4068 652 4120 de
667 4067 722 4120 Off.
738 4067 764 4132 1,
782 4067 825 4135 26,
839 4070 882 4123 91.
899 4077 979 4140 atque
993 4072 1075 4127 ctiam
1089 4073 1120 4124 in
1135 4074 1344 4132 secundissimis

337 4149 423 4200 'rebus
437 4151 550 4203 mamare
564 4157 602 4203 est
613 4153 740 4205 utendum
755 4155 863 4208 comitto
874 4153 1035 4222 amicerum,
1053 4156 1145 4227 trisque
1155 4160 1345 4213 maieretiaar

310 4281 312 4286 ,
342 4235 804 4302 anamartetribucadaaueteritar.
821 4239 1285 4314 dntexplieandnmestcdeomet,
1296 4247 1344 4302 ent
