2852 4736
491 444 495 452 .
604 384 740 455 ERGO·
970 388 976 401 '
1127 386 1189 456 441

67 559 69 569 “
134 549 235 618 liuius
249 545 400 623 vocabuli
408 545 464 612 uis
479 552 515 610 et
528 552 663 620 natura,
688 561 773 630 quae
792 539 955 630 tamenin
977 540 1092 606 multis
1110 530 1197 630 'parm

135 639 225 702 tibus
236 635 403 723 conspirat
419 633 482 710 ita,
502 639 558 710 ut,
597 651 659 694 uae
672 649 735 692 usn
751 629 963 708 coaluerunt,
978 630 1193 716 nonpossint

37 761 40 768 ,
137 722 251 796 subtili
266 719 477 785 distinctione
500 654 627 790 divelli.
660 715 796 779 Etenim
811 737 896 802 ergo
913 713 1011 778 habet
1027 715 1054 778 si
1078 713 1192 792 nifica-

137 811 265 879 tionem
283 816 315 876 ct
331 806 381 872 rei
397 799 548 870 alicunde
564 799 772 886 deducendae
789 810 824 869 et·
845 801 895 865 rei
912 737 1194 888 comprobandae.

138 895 249 961 Altera
276 892 333 960 illa
364 890 473 956 oritur
498 888 535 950 in
563 886 704 960 notione
725 883 883 974 vergendi
906 898 939 950 ct
965 886 1192 964 convertendi,

92 1016 94 1029 =
138 981 239 1047 altera
254 978 291 1042 in
305 977 444 1041 notione
463 971 687 1040 conficiendae
700 972 757 1037 rei.
800 971 887 1036 Nam
903 971 1080 1057 {pystvsive
1097 971 1193 1056 ἕρδειν

131 1077 171 1136 et
186 1069 274 1150 ἔργον
291 1073 323 1128 et
335 1059 391 1126 W
387 1059 461 1136 erk,
483 1057 612 1132 trinken
627 1057 782 1124 dicuntur
790 1056 831 1122 de
840 1055 1066 1128 laborantium
1081 1080 1195 1146 opera,

137 1153 263 1242 quippe
279 1151 336 1235 qui
352 1169 425 1214 rem
442 1144 595 1226 munibus
610 1154 752 1212 versent.
813 1215 817 1224 ,
886 1193 888 1200 ,

223 1257 325 1350 Ergo
341 1275 498 1344 graecum
517 1276 585 1319 esse
607 1255 706 1342 tpyp,
730 1251 958 1340 etsignillcare
981 1277 1040 1338 re,
1062 1276 1129 1322 slve
1151 1277 1196 1320 eu

139 1367 197 1421 re,
231 1365 315 1430 quse
337 1363 403 1428 pro
429 1361 541 1404 caussa
567 1339 714 1422 dicatur,
759 1361 876 1403 omnes
900 1343 1008 1404 nostri
1033 1345 1196 1440 temporis

138 1427 349 1520 grammatici
371 1437 450 1514 post
466 1425 638 1490 Sanctium
661 1426 794 1493 docent.
836 1427 879 1487 At
899 1447 1000 1494 nemo
1023 1426 1196 1513 explicuit,

141 1513 316 1600 quomodo
345 1515 434 1598 ἔργον
463 1532 535 1592 rem
565 1510 747 1599 significare
770 1511 926 1596 potuerit.
980 1513 1023 1576 Et
1043 1511 1197 1610 profecto

141 1621 210 1665 nou
234 1608 364 1686 potest.
401 1597 489 1662 Nam
512 1595 596 1661 nihil
616 1597 705 1660 aliud
729 1593 892 1682 signifieat
918 1617 1018 1682 quam
1044 1597 1095 1678 1d,
1129 1617 1197 1684 quo

119 1751 122 1766 ,
142 1684 223 1774 quid
238 1682 389 1759 efficitur.
412 1712 414 1719 ·
431 1681 503 1747 Nos
519 1704 658 1748 ornnem
672 1680 823 1749 vocabuli
840 1682 1076 1770 usum'triplici
1092 1679 1197 1747 modo

33 1821 35 1826 .
142 1768 410 1857 complectimur.
464 1767 552 1832 Nam
571 1791 661 1858 ergo
690 1777 747 1833 aut
769 1768 938 1836 rationem
962 1769 1102 1851 indicat,
1133 1790 1199 1855 qua
1251 1805 1258 1814 -

142 1855 223 1943 quid
238 1853 401 1936 efficitur,
425 1853 493 1920 sire
506 1853 574 1919 hoo
589 1857 777 1920 sit'caussae
791 1852 857 1917 sire
875 1854 1117 1927 conclusionis,
1142 1864 1198 1918 aut

143 1963 217 2009 rem
249 1939 438 2016 confectam
464 1939 631 2026 designat,
676 1940 741 2004 das
771 1936 979 2020 Ws'rlrliclre,
1016 1941 1055 2004 ab
1092 1937 1221 2005 Werb·

142 2026 376 2109 nominatum,
401 2033 457 2096 aut
470 2048 544 2090 rem
560 2026 733 2110 dicendam
754 2046 797 2090 ex
819 2023 882 2088 ulia
902 2045 940 2090 re
957 2028 1061 2090 nectit
1075 2036 1108 2090 et
1122 2025 1201 2090 inde
1236 2092 1240 2099 ,

144 2113 280 2182 deducit
294 2113 361 2194 sio,
381 2121 421 2176 ut
441 2111 496 2194 rel
516 2133 558 2176 ex
580 2112 642 2177 alia
663 2133 701 2176 re
725 2108 767 2178 ad
789 2109 888 2174 aliam
909 2111 1201 2200 transgrediamur,

144 2199 256 2270 velud
268 2197 442 2287 superiora
456 2197 575 2286 respici
590 2196 773 2274 iubeamus.
802 2196 940 2261 Vossius
957 2197 997 2261 de
1005 2201 1081 2262 Arte
1096 2220 1203 2286 gram.

145 2290 243 2363 217.
260 2285 396 2373 „primo
412 2305 537 2348 nomen
550 2281 615 2348 fuit
630 2303 734 2369 eoque
750 2281 907 2368 gignendi
918 2303 1030 2348 casum
1044 2283 1209 2348 adscisce-A

127 2371 221 2442 rbat:
249 2392 333 2459 quac
357 2368 493 2437 effectus
515 2389 551 2436 ac
577 2389 708 2438 caussae
734 2365 928 2456 significatio
953 2369 1050 2438 etiam
1071 2370 1206 2450 mansit,
1247 2393 1260 2440 y
1376 2451 1379 2460 .

172 2457 357 2523 uumvalet
375 2455 523 2542 igitur.“'
565 2454 609 2520 Et
632 2454 824 2522 Perizonius
847 2454 883 2516 iu
905 2455 993 2519 notis
1016 2454 1056 2520 ad
1080 2454 1205 2521 Sanctii
1233 2461 1255 2534 J

146 2480 290 2616 lliner'v.
312 2545 345 2624 4,
369 2544 419 2608 14.
452 2541 567 2607 omnia
584 2540 625 2606 ad
639 2563 745 2608 unum
765 2537 985 2626 significatum
999 2561 1132 2608 caussae
1149 2561 1206 2605 re-

106 2693 110 2696 .
146 2628 238 2702 ferre
260 2638 398 2696 conatus
422 2639 482 2692 est.
528 2627 594 2694 Sed
616 2637 851 2715 praeterquam
868 2627 957 2711 quod
972 2626 1126 2714 exempla
1144 2624 1207 2690 ad-

148 2715 218 2782 dita
236 2718 305 2784 no'n
329 2712 551 2801 quadrabant,
574 2721 613 2778 ut
634 2733 713 2781 usus
738 2711 904 2800 quosdam¹
916 2710 1115 2801 explicaret,
1142 2732 1207 2776 ne-

148 2803 328 2870 cessarium
345 2800 375 2864 ei
391 2809 461 2866 erat
475 2809 637 2883 statuere,
667 2798 835 2865 interdum
858 2800 1045 2878 „rationem
1070 2799 1209 2886 originis

145 2887 201 2968 uel
218 2909 339 2978 parum
361 2885 530 2968 habitam,
554 2886 607 2954 vel
633 2908 704 2964 non
725 2883 1006 2969 animadversam,
1028 2886 1082 2952 vel
1107 2885 1207 2950 etiarn

147 2974 318 3057 integrum
343 2993 493 3052 comma,
530 2973 582 3036 oui
604 2970 823 3070 responderet
848 2993 953 3058 ergq,
989 2995 1052 3060 per
1076 2971 1208 3058 ellipsin

86 3057 89 3062 ’
149 3059 312 3132 omissum
329 3062 430 3123 esse.“
476 3059 553 3140 Quo
572 3079 681 3124 omnis
697 3056 753 3122 illa
765 3054 922 3152 doctrina
938 3051 1093 3126 concidit.

232 3165 306 3300 pam
329 3166 456 3252 antiqui
479 3166 688 3252 grammatici
707 3163 1058 3252 appellabant'nomen
1072 3165 1210 3232 indecli·
1245 3179 1250 3188 ‘

150 3253 282 3336 nubis,
308 3252 426 3338 quibus
443 3273 548 3349 quum
564 3251 698 3316 Servius
714 3250 926 3336 obloquitur,
947 3262 984 3319 ut
1001 3252 1210 3339 comprobet,

145 3345 223 3408 ‘esse
239 3361 365 3422 meram
381 3337 589 3426 particulam,
608 3338 796 3402 universam
812 3359 884 3402 rem
898 3347 1028 3402 tantum
1046 3339 1210 3424 exaliqua

151 3437 249 3515 parte
267 3423 462 3512 complexus
480 3433 538 3508 est.
563 3422 665 3488 uam
689 3422 780 3508 quod
804 3444 928 3488 nomen
953 3434 1039 3504 erat,
1062 3424 1211 3488 simulet

152 3512 301 3584 adverbii
317 3510 464 3576 formam
482 3508 606 3585 induit,
629 3508 726 3572 sicuti
744 3507 865 3586 modo,
887 3519 920 3573 et
942 3511 976 3574 in
999 3510 1211 3574 coniunctio·

152 3621 233 3670 nem
249 3597 391 3662 transiit.
433 3595 601 3660 Charisius
621 3616 656 3681 p.
678 3593 871 3662 teneruit
889 3595 926 3661 iu
939 3595 1211 3682 coniunctionum

122 3699 126 3710 '
153 3705 335 3754 numerum
351 3681 549 3748 adscribunt.
586 3725 589 3734 s

182 3835 188 3842 ·
239 3803 266 3868 l.
298 3809 329 3867 1.
358 3801 509 3866 Primum
539 3799 640 3888 igitur
676 3801 823 3864 caussam
856 3799 999 3881 indicat,
1042 3821 1105 3890 qua
1133 3800 1213 3887 quid
1251 3789 1254 3810 '

155 3887 315 3955 efficitur:
346 3885 456 3951 durch
478 3885 543 3949 das
572 3884 680 3950 Werk
708 3886 803 3950 einer
828 3883 948 3950 Suche.
993 3884 1046 3950 Cf.
1075 3888 1212 3951 Vossius

156 3976 199 4040 de
215 3974 406 4039 Construot.
424 3973 477 4038 64.
491 3993 539 4058 p.
556 3974 631 4036 580.
650 3974 752 4038 ·Haec
768 3980 817 4034 est
838 3971 1005 4059 primitive
1020 3971 1074 4034 illa
1091 3969 1213 4052 forma,

156 4081 243 4148 quae
258 4057 452 4136 substantivi
467 4057 571 4121 instur
586 4079 661 4122 oum
678 4057 822 4142 genitivo
839 4057 1069 4142 coniungitur,
1093 4078 1213 4144 quem-

160 4144 361 4212 admodum
381 4141 527 4229 gratiu,
571 4165 707 4208 cerussa.
765 4142 878 4222 Quum
913 4142 1082 4206 reddimus
1117 4144 1214 4224 ἕνεκα,

160 4253 301 4319 mugen,
337 4248 408 4293 non
437 4249 574 4294 ornnem
608 4231 675 4295 vim
707 4228 856 4300 vocabuli
890 4225 1214 4320 comprehendimus.
