2802 4732
604 407 679 483 ET.¹
1110 414 1171 482 501

110 561 197 628 tiore
221 559 350 628 dicendi
374 583 495 650 genere
518 571 628 628 ortam
645 565 726 628 'esse
750 561 924 628 dicamusz'
948 564 1060 630 omnia
1090 566 1170 635 baec

89 649 304 736 nuperrime
327 651 416 715 eorri
442 648 489 712 nit
520 648 621 731 Otto,
652 661 684 714 et
711 651 745 713 in
763 650 916 714 Excursu
933 655 966 714 8.
986 652 1026 715 ad
1043 653 1112 718 Cic.
1129 656 1171 722 de
1212 673 1214 682 ⁴

108 733 181 800 Fin.
206 758 240 823 p.
256 739 331 802 376.
356 674 470 802 mullis
485 735 595 800 verbis
611 756 685 798 rem
702 737 747 800 ita
763 738 939 822 exposuit,
964 748 1003 800 ut
1023 743 1169 827 exceptis

109 832 254 908 quatuor
266 822 422 890 formulis
439 821 581 906 etipse,
603 821 709 885 timul
724 833 775 903 et,
796 824 847 887 sic
863 835 914 897 et,
931 823 998 888 siue
1016 825 1108 890 sicut
1124 839 1167 903 et,

107 907 172 971 sed
196 919 249 989 ct,
285 929 370 996 quae
395 931 412 972 a
435 907 568 972 Graecis
592 906 787 994 desumptae
810 919 953 996 propter
970 909 1169 982 'brevitatem

106 1015 200 1060 suam
213 1006 394 1082 tantopore
415 987 601 1080 placuerint
617 992 794 1071 Romanis,
822 1006 859 1058 ut
883 991 937 1058 ne'
950 995 1066 1060 Cicero
1089 998 1166 1083 qni-

106 1079 185 1145 dem
207 1082 250 1148 ab
281 1102 395 1145 earum
422 1100 485 1142 usu
515 1079 694 1158 abstineret
724 1079 942 1168 (quamquam
967 1081 1040 1167 ipse
1063 1082 1104 1148 de
1125 1083 1181 1147 iis·

4 1227 6 1230 .
102 1164 221 1234 ruistis
236 1167 364 1231 dubitat
382 1187 415 1252 p.
426 1165 528 1248 ete),
545 1164 731 1240 omniaalia
749 1167 904 1253 exempla
923 1177 980 1230 aut·
996 1167 1090 1234 aliter
1105 1189 1165 1236 ex-
1216 1233 1220 1244 ,

102 1252 259 1339 plicanda
275 1262 332 1316 aut
344 1250 541 1338 corrigenda
559 1273 629 1315 esse
646 1250 852 1326 decerneretz
874 1253 928 1317 illa
945 1253 1032 1317 enim
1051 1255 1165 1320 omnia

104 1360 177 1404 esse
193 1337 376 1417 eiusmodi,
399 1352 436 1402 ut
451 1337 667 1426 partitionem
683 1339 895 1422 contineant,
920 1348 954 1405 et
977 1339 1027 1406 ad,
1042 1362 1164 1408 anaco-
1182 1405 1185 1410 .

103 1421 245 1488 luthiam
263 1421 463 1489 referantur.

189 1507 229 1573 ln
260 1507 313 1574 his
345 1510 520 1592 omnibus,
538 1507 771 1596 ·quae,multa
794 1517 890 1588 sunt,
922 1508 1079 1594 equidem
1103 1531 1168 1582 nee,

102 1593 242 1658 rationis
260 1607 292 1659 et
309 1617 440 1660 caussae
457 1595 612 1660 subtilem
632 1595 875 1682 expositionem
895 1595 1010 1675 video,
1041 1606 1078 1660 et
1089 1617 1164 1660 eam

104 1699 219 1744 euram
235 1679 407 1761 desidero,
429 1703 493 1766 qua
516 1681 553 1745 in
574 1681 711 1745 alicuius
727 1680 897 1770 scriptoris
925 1703 985 1746 usu
1004 1675 1163 1769 singulari
1194 1679 1198 1684 ’

105 1765 313 1831 observando
333 1767 455 1834 etrefu
482 1785 535 1832 ere
550 1789 612 1832 nos
637 1777 775 1854 oportet
798 1766 838 1830 ab
856 1769 954 1831 omni.
972 1789 1163 1832 caussarum

103 1851 350 1940 anticipatione,
375 1875 437 1918 nee
454 1791 548 1918 decet
565 1875 613 1932 ea,
635 1855 966 1939 quae-rariora'sunt,
989 1864 1162 1941 tamquam

9 2017 14 2024 .
102 1935 186 2002 falsa
202 1939 414 2026 improbare,
444 1950 500 2002 aut
522 1940 622 2003 etiam
640 1939 819 2024 elegantiae
832 1941 969 2004 nomine
986 1963 1162 2005 commen-

5 2095 6 2100 *
103 2025 194 2088 dare.
239 2025 353 2090 Vallae
368 2048 485 2112 praece
513 2035 585 2087 tum
599 2023 634 2088 in
658 2025 697 2088 iis
721 2047 832 2112 pono,
866 2047 949 2111 quae
971 2029 1057 2091 veris
1079 2025 1162 2097 falsa

103 2110 252 2175 admixta
276 2110 410 2176 habent.
462 2047 612 2174 'lbntum
633 2131 713 2175 vero
740 2111 869 2190 aberat,
891 2121 928 2175 ut
950 2113 1006 2196 qui
1030 2113 1161 2176 Vallam

102 2197 233 2281 sequuti
256 2207 352 2277 sunt,
391 2195 475 2260 falsa
500 2219 518 2262 a
543 2195 628 2261 veris
653 2205 806 2260 accurate
833 2195 1091 2282 distinguerent,
1124 2208 1161 2262 ut

102 2303 205 2344 unam
221 2293 353 2368 partem
371 2282 537 2369 amplexi,
561 2282 732 2346 universae
753 2284 800 2347 rei
820 2293 996 2347 contortae·
1017 2284 1084 2347 vim
1106 2284 1161 2347 in·

102 2366 244 2453 terrent,
284 2369 503 2434 Primoenim
522 2367 740 2455 graecismum
758 2368 945 2456 appellant,
968 2369 1026 2460 qui
1042 2369 1159 2434 seriori

102 2463 258 2540 tempore
273 2454 308 2520 in
324 2455 471 2544 linguam
488 2475 664 2520 romanam
686 2457 832 2518 invectus
850 2456 910 2533 sit,
940 2465 973 2518 et
990 2455 1030 2519 ab
1047 2477 1087 2518 eo
1105 2454 1159 2518 di-

103 2551 185 2603 cunt
200 2562 307 2604 unum
326 2541 523 2605 Ciceronem
541 2539 651 2604 studio
668 2562 771 2627 purae
785 2539 952 2604 latinitatis
970 2550 1003 2604 et
1019 2539 1163 2604 consilio

102 2623 298 2692 abstinuisse
314 2649 354 2692 eo
370 2635 544 2713 tempore,
572 2647 639 2726 quo
655 2648 815 2691 romanus
832 2648 944 2694 sermo
962 2648 1030 2690 non
1048 2627 1158 2691 omnis

102 2711 144 2777 ad
167 2735 319 2800 graecam
342 2712 492 2802 linguam
513 2713 743 2778 conlormatus
766 2722 863 2777 esset,
903 2714 1058 2776 Attamen
1081 2711 1158 2775 huic

101 2801 287 2888 graecismo
310 2800 499 2879 concedunt
527 2800 627 2863 etiam
660 2797 749 2888 apud
774 2799 971 2864 Ciceronem
1001 2798 1038 2862 in
1062 2799 1157 2887 initio

101 2887 342 2956 sententiarum
365 2887 497 2966 locum,
523 2896 556 2950 et
572 2887 607 2951 in
623 2885 778 2950 formulis
797 2886 867 2950 istis
890 2895 1044 2971 quatuor.
1090 2886 1158 2947 Gur

101 2993 185 3036 vero
200 2994 270 3035 non
287 2974 321 3036 in
338 2973 446 3038 media
471 2985 606 3058 quoque
631 2969 806 3036 oratione?
846 2993 906 3034 cur
932 2973 1048 3036 Cicero
1073 2969 1159 3034 dicat

59 3121 63 3130 ,
101 3057 164 3122 sed
184 3068 323 3132 et,non
348 3080 461 3122 verram
486 3059 545 3123 et?
567 3080 626 3122 eur
648 3059 698 3122 sio
723 3068 755 3120 et
779 3055 876 3142 oprtd
895 3055 1064 3129 Graecos,
1087 3077 1158 3124 non
1204 3105 1208 3115 .

101 3163 181 3212 vero
206 3155 239 3208 et
261 3145 357 3230 apud
375 3143 553 3208 Graecos?
582 3147 635 3207 An
660 3145 742 3206 Cato
767 3152 798 3204 et
827 3143 988 3205 Varr01et
1015 3142 1158 3219 Plautus,

103 3241 135 3294 et
153 3232 273 3298 Caesar
295 3227 401 3316 magis
423 3227 635 3294 indulserunt
659 3229 867 3292 Graecorum
888 3226 1093 3293 imitationi?¹
1117 3227 1159 3290 Et

101 3327 244 3404 psopter·
258 3317 451 3384 brevitatem
466 3313 543 3377 istas
567 3313 730 3381 formulas
755 3313 932 3401 placuisse,
957 3323 989 3376 et
1005 3335 1046 3377 ne
1061 3311 1158 3378 Cice·
1179 3323 1183 3338 ⁴

54 3464 60 3482 ,
100 3403 180 3466 soni
202 3403 337 3488 quidem
360 3401 581 3488 displicuisse,
621 3399 696 3484 quis
719 3397 854 3472 creduli
895 3397 1025 3463 Scilicet
1047 3399 1160 3463 aderat

102 3487 274 3566 universus
297 3511 393 3569 usus,
422 3487 457 3551 in
483 3507 550 3572 quo
578 3485 694 3550 (liceto
719 3485 880 3570 quaedam
906 3484 1059 3570 elegerit,
1096 3486 1159 3550 alia

103 3597 207 3659 aeque
237 3575 343 3663 proba
367 3573 603 3661 repudiaverit.
652 3572 808 3643 Profecto
839 3571 904 3634 hoe
934 3593 1003 3635 non
1029 3592 1156 3644 verum,

104 3661 162 3725 illa
185 3661 309 3726 absona
339 3672 427 3728 sunt.
452 3659 537 3724 -Nee
553 3657 728 3744 quisquam
752 3657 860 3721 adhuc
880 3655 1018 3747 offendit
1041 3659 1075 3721 in
1095 3677 1158 3720 usu

37 3751 40 3756 ’
104 3745 284 3812 verborum
304 3761 338 3814 et
358 3785 401 3798 -
424 3757 475 3825 et,
498 3766 644 3831 quorum
665 3745 755 3829 prius
771 3764 840 3806 non
855 3745 957 3808 nectit
972 3743 1156 3829 superiora,

103 3855 214 3918 neque
230 3835 261 3898 in
281 3835 363 3915 etsi,
386 3831 476 3921 quod
493 3842 542 3896 est
558 3830 716 3910 etiamsi,
743 3851 855 3915 neque
867 3829 903 3893 in
919 3829 1045 3909 etiam,
1067 3827 1158 3913 quod

7 3975 9 3980 .
103 3941 169 4008 pro
193 3930 227 3988 et
249 3922 399 4006 ponitur.
445 3919 542 4001 Quae
564 3916 678 3982 omnia
700 3927 755 3980 aut
771 3917 858 3982 mala
880 3914 1040 3990 autnulla
1056 3934 1156 4000 argu-

103 4006 312 4070 mentatione
331 4015 490 4092 aguntur‚
513 4003 570 4067 sed
594 4002 819 4067 subtilioribus
845 4001 983 4087 ingeniis
1004 4003 1158 4087 aperiunt

102 4112 231 4158 novum
255 4089 500 4157 exercitationis
522 4111 679 4176 campum
701 4090 736 4152 in
758 4085 954 4174 illustranda
967 4083 1158 4152 anacoluthi

103 4176 277 4264 elegantia.
325 4179 429 4264 Atque
443 4175 521 4241 haec
535 4173 652 4264 figura,
674 4196 774 4259 quam
792 4170 1009 4238 anacoluthon
1029 4181 1158 4250 vocant,

103 4285 194 4334 nunc
206 4263 240 4336 in
251 4263 504 4356 pbdologorum
513 4263 777 4332 armamentariis
788 4262 875 4334 inter
889 4281 925 4326 ea
940 4258 1159 4326 instrumenta
