2782 4730
263 419 326 485 654
577 453 587 466 κ
746 401 817 467 EX·

262 573 324 636 bus
343 567 423 633 haec
437 562 576 628 imitatio
591 557 800 625 vehementer
813 554 953 654 placuit,
972 555 1108 622 Ovidius
1121 567 1154 626 et
1161 557 1317 624 Tacitus.

264 657 353 724 Nam
380 651 494 717 aliiin
522 646 636 711 multis
661 644 712 708 his
744 642 942 707 dictronibua
972 645 1125 710 omittere
1157 646 1316 710 solebant

290 737 564 827 reepositionem,
598 732 633 794 in
657 729 826 792 nonnullis
857 728 1026 815 ponebant
1056 730 1104 794 ia.
1146 731 1314 794 Graecam

264 828 356 894 illam
388 823 549 908 originem
582 813 707 901 negare'
733 814 864 878 videtur
892 813 1113 878 Bernhardius
1145 815 1179 878 in
1213 816 1314 900 Syut.

265 933 371 999 graec.
396 932 428 995 p.
452 909 526 970 230.
570 903 699 966 Tamen
727 900 947 963 recentiorem
972 910 1128 979 aetatem,
1161 912 1255 964 certe
1279 902 1314 964 in

268 997 469 1070 adiectivis‚'
488 988 566 1074 ipsi·
584 987 746 1050 librorum
777 995 925 1048 auctores
949 995 1145 1048 monstrant.
1201 989 1315 1071 Atque

265 1083 346 1148 haec
373 1079 476 1153 ratio,
514 1073 573 1137 etsi
596 1073 636 1136 ad
660 1071 772 1134 omnia
797 1069 951 1134 adiectiva
980 1079 1012 1133 et
1033 1070 1205 1156 participia
1237 1083 1314 1158 apto

264 1169 412 1245 videtur,
434 1173 466 1225 et
486 1159 591 1223 multa
611 1177 651 1221 ex
673 1155 880 1241 singulorum
903 1155 1101 1240 scriptorum
1125 1153 1256 1219 fabrica
1280 1158 1314 1219 in

266 1269 479 1318 communem
498 1265 595 1308 usum
619 1251 796 1318 venerunt,
818 1239 942 1305 nemini
963 1250 1073 1304 tamen
1092 1261 1181 1307 nunc
1199 1241 1315 1306 licebit

265 1337 434 1422 antiquam
467 1327 735 1395 consuetudinem
768 1325 941 1405 excedere,
991 1335 1047 1388 out
1074 1347 1159 1388 nova
1192 1323 1314 1392 facere.

265 1424 378 1504 Quare
398 1420 432 1482 in
448 1417 508 1480 hcc
525 1413 696 1499 disciplina
712 1409 936 1489 neceese'crit,
965 1421 1002 1473 ut
1018 1411 1128 1473 omnia
1146 1412 1315 1498 exempla,

215 1535 218 1540 ·
265 1530 348 1596 quoe
366 1513 511 1578 exstent,
539 1500 634 1562 huius
651 1498 801 1562 dictionis
817 1496 1021 1582 colligentur.
1063 1495 1153 1560 inter
1174 1519 1212 1559 ea
1239 1508 1316 1560 sunt
1368 1509 1369 1530 ¹

264 1590 445 1666 nonnulla,
475 1607 557 1671 quac
580 1581 690 1670 paullo
714 1583 864 1646 audacius
888 1581 1058 1644 videantur
1080 1578 1314 1646 conformato:

263 1677 346 1744 illud
363 1685 473 1737 tomen
496 1689 677 1752 numquam
703 1667 950 1751 sibicrrogevit
974 1664 1053 1730 hoec
1078 1665 1247 1745 imitatio,
1280 1680 1315 1731 ut

263 1781 418 1852 graecam
433 1777 528 1818 usum
539 1753 665 1816 numeri
676 1751 810 1837 pluralis
824 1751 1021 1831 admitteret,
1038 1759 1070 1814 et
1087 1751 1183 1814 sicuti
1200 1749 1237 1818 ix
1255 1760 1315 1817 reia
1368 1759 1369 1766 ’

263 1845 407 1926 εἰκότων,
433 1843 544 1905 ἐκτῶν
562 1841 715 1913 δυνατῶν,
737 1838 781 1900 ita
806 1859 845 1900 ex
867 1836 1069 1922 inoperatio,
1092 1859 1132 1899 ex
1138 1834 1314 1925 facilibus

265 1934 400 2000 diceret.
446 1924 518 1988 Vid.
536 1917 668 2008 Welch.
685 1921 724 1985 ad
741 1921 844 1986 Tacit.
860 1925 937 2008 Agr.
957 1926 1005 1986 15.
1024 1925 1143 2008 p.219.
1179 1923 1315 2002 Qucm-

265 2041 365 2105 quam
383 2013 505 2077 dictum
530 2020 577 2072 est
600 2007 660 2072 alia
684 2007 811 2071 ratione
828 2029 868 2071 ex
882 2007 1032 2087 merdic,
1053 2030 1093 2070 ex
1109 2011 1313 2092 praesenti-

263 2105 335 2168 bus.
379 2101 421 2162 Et
445 2093 626 2182 separanda
650 2103 728 2155 aunt
752 2114 806 2165 en,
836 2093 869 2155 in
915 2091 1007 2156 uibus
1026 2092 1132 2155 exitus
1150 2103 1183 2156 et
1200 2106 1314 2159 motus

263 2185 481 2277 significetur,
511 2190 544 2242 ut
571 2177 775 2258 exceditne,
804 2200 844 2240 ex
865 2116 1027 2256 adverso,
1054 2177 1189 2262 quondo
1206 2192 1260 2244 est
1277 2205 1314 2244 ea·

264 2271 443 2339 contraria
462 2275 709 2352 partc,etea„,
729 2262 897 2347 inquibus
923 2261 1116 2326 adiectivum
1144 2286 1207 2348 pro
1237 2265 1315 2330 sub-

264 2359 406 2442 stantivo
419 2353 578 2441 ponitur,
600 2359 637 2413 ut
651 2371 691 2412 ex
706 2359 881 2434 compacto
891 2396 900 2427 ‚
925 2371 965 2411 ex
986 2347 1184 2432 composito.

328 2457 331 2465 ι
366 2471 525 2529 Adiectiva:
551 2487 589 2522 ea
614 2486 722 2537 ecquo
746 2485 795 2536 pro
816 2467 844 2520 in
864 2473 1008 2534 utramque
1031 2473 1138 2533 perlem
1155 2471 1313 2536 aequalem,

331 2558 361 2628 ἐξ
383 2559 453 2612 ἴσον.
471 2555 532 2607 Liv.
548 2552 590 2618 42,
608 2551 650 2618 25,
666 2552 709 2605 ll.
745 2550 786 2616 3¹1,
810 2549 852 2616 35,
873 2547 900 2604 5.
920 2570 986 2620 quae
1002 2552 1156 2622 disceptatio
1172 2572 1205 2605 er:
1223 2574 1314 2623 aequo,

331 2661 410 2717 quam
425 2640 562 2709 imparium
577 2638 734 2706 patiendum
748 2637 799 2702 rit,
817 2636 910 2689 relicto
924 2637 985 2688 eat?
1005 2635 1024 2686 i.
1040 2653 1064 2687 e.
1080 2636 1236 2706 inaequali
1253 2657 1314 2692 con-

330 2728 442 2782 ditione.
471 2725 506 2775 cf.
522 2723 658 2776 Drakenb.
677 2722 711 2774 ed
727 2720 769 2785 39,
785 2719 827 2785 36,
843 2722 867 2773 l.
895 2719 1246 2788 Quinctil.1)cclnm.251.
1272 2727 1316 2792 pai

330 2813 482 2882 nuptiator
501 2824 581 2874 acqua
593 2809 724 2870 secernat.
759 2807 860 2857 Lucan.
877 2803 902 2871 5,
921 2803 980 2858 405.
999 2822 1053 2856 aaa
1070 2822 1102 2857 cx
1121 2823 1205 2876 aequo
1222 2810 1312 2860 dinisi-

331 2913 389 2950 νινε
404 2895 499 2946 orbem.
517 2890 565 2941 ubi
581 2892 654 2942 Gort.
683 2890 780 2942 Senec.
798 2887 885 2957 Epist.
900 2888 942 2954 88,
957 2888 1000 2941 31.
1024 2884 1189 2959 Protagorae
1203 2893 1264 2954 ait,
1284 2893 1315 2943 dc

332 2979 405 3033 amai
419 2995 448 3029 re
469 2977 498 3026 ia
511 2981 649 3044 atramque
666 2983 770 3043 partem
788 2969 923 3044 disputari
939 2990 1014 3042 posse
1036 2991 1067 3026 er
1087 2993 1180 3043 aequo.
1224 2976 1315 3046 Tacit.

331 3065 400 3118 Anu.
416 3059 458 3122 15,
473 3058 514 3112 13.
536 3056 606 3111 nist.
622 3059 648 3123 2,
664 3057 706 3111 31.
727 3058 753 3123 4,
769 3057 812 3112 til.
833 3058 1020 3125 Ovid.rlm.l,
1036 3058 1078 3123 1⁰,
1085 3056 1128 3110 35.
1149 3075 1220 3126 qnae
1235 3078 1316 3112 occur

268 3149 271 3154 ’
332 3166 366 3201 ex
380 3141 462 3214 dequo
475 3150 585 3196 ventura
595 3150 633 3194 cet
645 3149 729 3212 grata
743 3143 861 3195 duobus:
883 3152 940 3196 tum
955 3144 973 3196 i.
989 3163 1015 3212 q.
1036 3142 1199 3212 aequaliter,
1217 3161 1315 3213 aeque.

264 3248 269 3257 ·
330 3231 387 3283 vid.
398 3227 505 3281 (lortius
513 3226 655 3278 ed‘Lucen.
664 3225 690 3291 8,
698 3227 757 3280 232.
775 3231 922 3282 Burmann.
933 3229 966 3294 ad
976 3225 1136 3281 Petronii.
1157 3227 1315 3280 Schwartz.

263 3317 276 3326 ”
331 3313 450 3370 athlin.
467 3313 533 3363 Pan.
555 3329 581 3379 p.
600 3309 658 3362 430.
694 3311 786 3366 Beier.
803 3314 837 3366 ad
853 3313 910 3365 Cic.
936 3311 1032 3377 Offi'ii,
1052 3310 1094 3366 15.
1111 3329 1137 3380 p.
1148 3311 1212 3364 291.
1243 3314 1315 3366 Plin.

266 3399 268 3408 ’
330 3399 373 3464 lt,
389 3397 414 3461 8,
423 3396 448 3447 4.
468 3397 531 3447 hacc
546 3391 578 3446 'ea
591 3412 672 3463 acque
683 3397 793 3461 fertilia.
829 3399 961 3450 Columel.
970 3396 994 3461 6,
1002 3395 1045 3448 31.
1060 3412 1184 3463 caccone
1202 3398 1317 3450 miscea-

311 3465 377 3539 Ιιιιν
393 3483 495 3534 radices
510 3480 624 3546 agrestia
634 3480 746 3532 hederae
761 3481 903 3551 sclfurpae.
929 3480 1093 3534 Tertullian.
1111 3480 1145 3531 ed
1162 3481 1317 3548 timum.

331 3551 367 3620 cit
380 3566 429 3618 itta
446 3582 479 3615 cx
493 3579 575 3629 aequo
590 3563 618 3614 in
634 3565 728 3629 terris,
741 3581 807 3632 quac
824 3567 852 3618 ia
868 3567 944 3618 coelis
954 3566 1074 3630 forsitan
1089 3582 1141 3616 aaa
1157 3565 1219 3617 erit.
1242 3573 1319 3619 etex

331 3667 413 3718 aequo
427 3647 513 3699 vicere
527 3663 584 3697 cum
599 3647 687 3715 atiquo
713 3646 731 3699 i.
747 3665 770 3700 e.
787 3665 875 3717 aequa
891 3647 1053 3701 conditione.
1074 3647 1147 3701 Plin.
1166 3645 1192 3712 t,
1210 3649 1256 3714 17,
1278 3651 1319 3704 19.

288 3731 291 3736 ’
329 3730 518 3790 Iurisconsulti
531 3737 664 3798 usurpent
678 3733 825 3785 formulam
840 3751 870 3786 ea
887 3737 952 3786 toao
968 3740 994 3786 et
1009 3750 1107 3802 nequae
1126 3731 1160 3783 dc
1177 3749 1237 3800 que
1254 3733 1320 3786 vide

329 3815 549 3882 Brissoniurnde
566 3815 647 3868 Veri).
660 3815 758 3886 'riguit
777 3835 803 3884 p.
820 3815 879 3870 135.
894 3823 923 3870 et
938 3836 964 3886 p.
979 3809 1022 3870 tt.
1057 3818 1106 3868 Ea
1131 3833 1204 3869 com
1215 3821 1297 3872 mod
1306 3839 1320 3872 c

333 3902 478 3972 opponitur
492 3900 578 3952 verbo
588 3897 751 3967 festinanter
765 3899 908 3953 Columell.
923 3900 949 3966 6,
964 3899 1043 3966 2,15.
1063 3900 1105 3966 12,
1117 3899 1195 3965 19,2.
1216 3901 1319 3956 Senee.

327 3989 391 4042 unt.
407 4004 451 4054 qu.
466 3983 491 4050 a,
510 3984 553 4038 le.
592 3971 719 4039 uerutus
742 3985 771 4037 in
786 3984 893 4054 urgeri.
907 3983 951 4050 oo,
966 3985 992 4049 a,
1011 3982 1036 4036 t.
1063 3985 1089 4036 u
1107 3989 1318 4040 contrario.

331 4070 386 4124 vit.
395 4068 488 4138 11631.
516 4071 570 4122 En
586 4070 739 4121 dioeno.
763 4069 835 4121 Plin.
852 4069 938 4136 Epist.
954 4066 1041 4134 2‚,19‚
1056 4066 1083 4120 1.
1101 4069 1178 4135 apud
1198 4071 1319 4124 Graecae

330 4153 400 4206 cuim
422 4159 474 4204 ert*
490 4153 632 4221 quiddam,
667 4155 785 4223 quamne
807 4171 841 4206 cx
862 4154 978 4216 diverto,
1018 4159 1184 4205 nontamen
1209 4158 1319 4208 omniuo

331 4236 464 4292 caeam.
498 4237 551 4292 ua
564 4237 687 4305 saottt.
715 4237 795 4294 ovid.
808 4237 868 4294 Am.
886 4235 948 4303 11,
962 4233 1005 4292 tt.
1022 4237 1101 4308 calpa
1115 4251 1164 4292 aea
1179 4239 1315 4308 exserite,
