2802 4732
753 403 823 469 ET.

331 566 404 638 quod
418 561 482 617 indo
498 559 622 632 sequitur
634 557 663 612 ln
679 559 740 611 iure
754 558 808 612 tilii
824 523 961 612 familiari
989 559 1066 628 qnasi
1082 517 1228 612 dicendam
1243 565 1311 612 esset
1348 602 1351 612 .

176 669 179 677 “
267 665 269 670 ’
329 671 394 706 nam
419 649 495 720 qnod.
531 645 652 714 Reliqua
671 651 749 698 recta
765 646 936 714 oppositione
959 662 988 697 se
1010 645 1165 714 excipiunt,
1184 651 1215 696 ut
1229 663 1310 712 quae-

331 752 448 804 cumque
466 730 601 785 correctio
619 723 715 798 ineptis
728 729 866 784 videatur.
900 727 1012 783 Sallust.
1035 730 1094 782 (iat.
1117 729 1160 793 19,
1179 730 1205 782 2.
1233 748 1311 800 nsque

282 834 285 840 ⁴
329 831 421 877 tamen
435 825 542 871 senatus
555 816 720 884 provinciam
735 816 834 867 insitus
852 816 977 880 dederat,
995 816 1213 890 quippefoedum
1231 816 1311 867 homi-

330 923 390 960 nem
406 923 424 958 a
439 920 467 956 re
479 902 587 971 publica
599 901 692 970 procul
711 917 766 952 esse
779 901 899 954 colebat:
924 901 1004 952 simul
1018 901 1081 969 qnia
1095 901 1156 951 loni
1171 901 1312 968 complures

183 981 187 988 ’
268 1007 272 1016 ’
329 987 493 1063 praesidium
512 986 541 1038 in
563 1004 592 1039 eo
612 987 769 1058 putabant:¹
791 993 818 1037 et
838 986 893 1038 iam
914 993 970 1040 lum
991 985 1111 1053 potentia
1133 985 1181 1035 Cn.
1198 975 1313 1052 Pomp'cii

280 1087 290 1106 ·'
326 1073 505 1145 formidulosa
520 1077 588 1124 erat.
614 1071 633 1123 i.
645 1087 674 1124 e.
700 1069 840 1123 nimirum.
866 1070 922 1123 vid.
944 1068 1082 1122 Kritnium
1104 1069 1140 1121 ad
1161 1070 1189 1120 h.
1207 1070 1227 1120 1.
1253 1069 1310 1122 Lis.

329 1161 374 1226 35,
388 1157 432 1223 16,
449 1158 475 1210 2.
502 1156 547 1207 sed
564 1159 645 1222 sacta
666 1163 754 1208 vestra
775 1155 893 1208 orationi
911 1173 968 1207 non
991 1155 1163 1208 conveniant.-
1186 1159 1217 1230 Ιεἰ
1239 1156 1312 1206 aliud

270 1285 272 1287 -
330 1240 460 1300 Antioche
482 1241 549 1294 iuris
570 1241 718 1304 statuistis,
743 1240 797 1292 olio
816 1237 867 1310 ipsi
888 1235 1003 1292 utimini.
1031 1223 1131 1308 ilir‘gil.
1150 1239 1211 1290 Ecl.
1229 1237 1310 1303 9,11.

326 1330 473 1383 ’audieross
498 1329 695 1394 etsamaerat.
715 1324 856 1394 inquibus
871 1324 1095 1394 interpungendis
1111 1339 1165 1376 aon
1179 1323 1310 1377 assentior

328 1415 477 1480 Wagnero.
748 1457 751 1464 .
1129 1461 1131 1466 ,
1234 1421 1236 1426 ’

367 1495 498 1565 Quinctil.
512 1493 540 1560 i,
556 1491 582 1560 6,
595 1493 622 1546 2.
642 1493 672 1545 id
686 1498 742 1546 tum
759 1490 871 1562 accidit,
887 1509 968 1563 'mam
984 1500 1023 1547 est
1038 1493 1068 1546 in
1085 1489 1145 1566 lege
1161 1495 1253 1572 alippa
1270 1496 1311 1547 ol·

291 1635 293 1641 ,
328 1584 458 1644 scuritas,
482 1579 550 1632 etin
565 1593 598 1630 ea
614 1584 782 1648 aetatesque
800 1595 876 1632 suam
895 1579 1142 1650 interpretationem
1161 1583 1310 1648 confirmat,

328 1665 478 1721 adversarii
496 1663 629 1716 subvertit.

222 1805 226 1814 ·
277 1827 298 1873 .·
343 1791 396 1854 19.
412 1771 940 1884 'Sententiae‘oon'iuogun'tarpor
964 1795 1014 1866 et,
1042 1798 1184 1874 quorum
1210 1785 1322 1850 altero·

259 1873 408 1963 priorem
438 1871 602 1938 definitius
631 1882 788 1960 exponit,
824 1883 855 1936 et
876 1872 912 1936 sd
938 1872 1045 1954 addit,
1077 1871 1167 1958 quod
1190 1893 1233 1936 ex
1252 1870 1310 1934 hoc

260 1958 494 2045 consequitur,
517 1969 555 2022 ut
576 1958 732 2045 explicari
754 1960 861 2045 possit
876 1969 910 2032 et
925 1957 997 2035 ita,
1026 1969 1059 2023 et
1074 1959 1141 2025 sic.
1170 1965 1203 2034 et
1220 1969 1309 2022 tam.-

255 2044 539 2132 ²quemadm0dum
562 2044 680 2108 Graeci
702 2043 753 2108 nai
769 2063 832 2130 pro
850 2045 900 2108 nol
915 2039 1006 2108 οὕτω.
1030 2043 1096 2108 vid.
1115 2043 1255 2108 Seidlei.
1273 2043 1307 2107 ud

238 2206 239 2212 ¹
258 2131 376 2218 Eurip.
396 2127 504 2218 Iphig.
526 2126 573 2194 T.
585 2131 677 2194 1274.
709 2127 761 2192 cf.
770 2131 936 2194 'Goerena
952 2131 991 2195 ad
1009 2127 1185 2195 Cis.Acod.
1197 2135 1228 2209 2,
1238 2135 1271 2210 3,
1280 2134 1307 2193 8.

255 2219 315 2366 'pai
330 2228 443 2280 'tomen
459 2215 526 2279 'non
546 2214 648 2279 semel
671 2215 706 2277 in
732 2214 789 2278 hac
807 2212 1038 2280 observatione
1053 2213 1165 2302 lapsus
1182 2227 1252 2292 est,
1275 2225 1308 2278 ut
1377 2221 1378 2226 ’

195 2315 196 2318 ’
283 2297 485 2382 eFin.3,20,
503 2305 788 2381 65.1et1'1,11,39.
831 2300 1213 2400 Saepcnihilimpedil,
1243 2324 1306 2388 quo

256 2385 368 2451 minus
386 2387 595 2474 explicemus
620 2401 830 2474 quaequam
859 2399 912 2452 sta
943 2411 979 2453 se
999 2386 1172 2464 habeant,
1207 2388 1305 2454 veluti

224 2551 227 2568 Ι
254 2471 363 2539 Tacit.
385 2473 463 2559 Agr.
482 2479 535 2538 37.
559 2473 630 2536 init,
698 2498 700 2502 ·

355 2587 420 2650 liis.
436 2589 462 2658 ὃ,
477 2587 521 2658 46,
532 2588 561 2646 i.
585 2606 680 2644 manus
695 2593 787 2646 'tallere
798 2595 914 2662 undique
929 2589 1086 2659 multitudo,
1117 2594 1144 2644 ei
1161 2608 1188 2645 se
1202 2589 1307 2661 quisque

321 2685 452 2751 paratum
469 2677 508 2730 'ad
528 2671 709 2746 spondendum
729 2679 803 2729 lcilio
823 2679 966 2731 ostendere.
987 2673 1007 2731 i.
1025 2695 1050 2732 e.
1073 2689 1171 2731 muas
1186 2677 1305 2731 tollendo

322 2764 473 2818 ostendere.
493 2760 548 2815 vid.
564 2761 706 2825 ›Drakeno
722 2756 758 2814 ad
772 2759 797 2826 6,
814 2759 856 2826 16,
871 2758 901 2814 ’8.

357 2859 523 2938 Lty.1‚1,2.
540 2869 643 2918 constat
657 2857 816 2915 -Hemros
825 2861 1003 2934 Troianosque
1017 2883 1062 2942 sap
1076 2859 1188 2918 tenuisse
1202 2867 1304 2919 terras.-
1376 2895 1377 2946 p

216 2953 218 2956 ’
321 2959 349 3005 'et
366 2951 396 3005 in
415 2968 489 3020 quem
502 2951 617 3020 primum
631 2950 729 3019 egressi
745 2957 807 3002 sunt
824 2950 923 3016 locum,
942 2951 1025 3004 Troia
1039 2959 1156 3006 vocatur.
1170 2949 1214 3016 21,
1227 2949 1272 3015 43,
1280 2948 1304 3001 5.

321 3037 365 3090 isio
380 3036 536 3088 uincendum
556 3041 604 3086 aut
625 3032 803 3098 moriendum,
829 3035 941 3100 milites,
963 3038 1017 3101 est,
1041 3033 1088 3088 ubi
1104 3037 1220 3104 primam
1238 3032 1305 3088 isosli
1376 3035 1377 3040 ’

320 3117 486 3174 occurristis:
511 3123 537 3172 et
555 3120 645 3172 eadem
654 3117 786 3185 fortuna,
803 3133 872 3186 ¹puae
890 3117 1070 3175 neeessitatem
1086 3115 1235 3190 pugnandi
1256 3120 1303 3172 im-

317 3207 422 3277 posuit,
439 3204 561 3274 praemin
576 3199 648 3254 cobis
662 3220 694 3254 ea
710 3197 853 3256 uictoribus
867 3199 1001 3274 proponit.

249 3301 252 3310 ’
353 3307 411 3361 cie.
423 3291 508 3360 Accii.
522 3305 548 3371 2,
564 3301 591 3369 3,
606 3303 631 3357 8.
648 3301 773 3358 derebus
789 3301 933 3376 incognitis
948 3303 1082 3374 iudicant,
1102 3312 1144 3374 el,
1162 3302 1199 3360 od
1208 3323 1302 3377 poam-

253 3385 255 3390 ’
288 3387 290 3392 Χ
318 3406 425 3461 cumque
439 3396 501 3444 sunt
524 3386 695 3458 disciplinam
714 3391 791 3458 quasi
810 3393 962 3459 tempestate
979 3393 1077 3458 delati,
1104 3393 1141 3446 ‘ad
1155 3411 1213 3445 eam
1231 3401 1302 3446 tam-

315 3494 396 3547 quam
412 3471 556 3528 adsutum
572 3473 772 3528 adhaerescunt.
796 3475 830 3527 de
846 3475 908 3529 Fia.
923 3476 949 3541 2,
964 3477 1009 3543 16,
1024 3475 1067 3530 63.
1094 3479 1301 3548 quampulchre
1326 3517 1328 3524 .

257 3551 261 3562 ’
316 3563 405 3614 dicere
420 3555 552 3624 cidelare,
566 3575 644 3627 mum
653 3573 684 3613 e's
694 3561 782 3613 altera
793 3561 872 3628 'porte
884 3562 1002 3631 ponebas
1017 3564 1179 3615 cumulatum
1188 3565 1302 3631 aliquem

314 3643 435 3717 plurilus
451 3649 477 3696 et
490 3642 612 3695 morioris
627 3639 808 3713 uoluptatibus
818 3673 867 3708 —,
886 3659 917 3697 'es
933 3647 1021 3718 altera
1036 3654 1123 3700 autem
1139 3649 1301 3702 emmiatitus

156 3761 161 3770 ·
231 3717 233 3722 ἲ
314 3726 494 3782 menimis-s
520 3731 546 3780 et
568 3730 728 3796 quaerebas,
756 3730 814 3798 puis
835 3735 884 3780 aut
906 3729 954 3784 loos
969 3731 1089 3805 miserior
1104 3740 1152 3785 aut
1165 3733 1302 3802 superiore

313 3809 361 3866 illo
387 3811 489 3865 lectior
511 3815 601 3880 sorel:
641 3815 736 3868 deinde
763 3812 933 3869 concludebas
961 3829 1091 3870 summurn
1121 3818 1221 3869 malam
1247 3831 1301 3868 esse

239 3949 241 3954 ,
313 3897 436 3952 dolorem.

291 4060 292 4066 ¹
347 3999 405 4052 Cic.
423 3993 457 4051 do
472 3997 581 4068 Legi,
596 3995 622 4066 2,
638 3996 681 4055 26.
700 3995 792 4072 'quodsi
806 4002 829 4054 is
844 4000 1029 4070 easusfais'sel
1045 4016 1149 4069 rerum,
1167 4015 1234 4072 puae
1245 4017 1299 4070 pro
1375 4053 1376 4062 ,

238 4139 239 4142 ,
310 4079 396 4136 solute
411 4085 450 4136 rei
462 4073 585 4150 pssllicae
598 4089 741 4156 gessimus,
766 4095 862 4140 utnon
879 4088 998 4139 omnibus
1012 4096 1109 4157 gratus
1124 4095 1204 4152 esset,
1231 4095 1259 4138 et
1275 4085 1299 4138 si
1375 4099 1376 4157 l

310 4186 357 4220 nos
373 4167 550 4221 multitudinis
565 4173 684 4235 surculis
699 4173 869 4241 infiammala
887 4173 990 4230 inuidia
1003 4174 1146 4243 pepulisset
1161 4169 1297 4236 s-ferre·

308 4267 380 4318 miss,
399 4271 414 4305 o
432 4254 527 4322 Quinte
536 4257 639 4321 fralet.
711 4265 712 4272 ’
