2852 4736
261 399 326 466 uo
742 391 877 458 naso.
941 386 944 390 ’
978 474 987 482 .

270 562 272 567 ·
351 543 425 604 Cic.
440 546 525 602 Taso.
540 545 567 614 5,
581 545 625 614 m,
640 545 683 603 47.
711 548 825 618 affectus
847 551 939 602 autem
959 545 1046 601 antus·
1062 548 1093 602 ta
1109 547 1177 602 toan
1191 548 1250 604 niro
1265 549 1325 602 taa-

228 675 230 682 -
291 634 293 638 ’
330 636 446 699 debilior
471 640 498 686 ct
518 634 576 685 nita
594 633 683 702 igitar
706 633 855 688 laudabitis
880 634 942 686 toni
961 633 1030 686 nisit
1066 639 1093 686 ct
1116 634 1227 687 sueta
1251 649 1326 704 ergo,

330 719 455 791 quoniam
479 717 633 771 laudabitis.
665 711 715 770 nisi
738 715 891 773 Lambinus
914 724 943 770 et
964 715 1104 772 Manutius
1128 715 1279 772 nectendum
1299 721 1326 770 u

329 805 510 858 deleverunt:
537 795 565 854 td
587 813 656 854 'vero
678 817 734 857 nor
753 802 904 874 respondet
920 799 1005 857 elteri
1021 809 1087 858 ente
1106 813 1134 858 r.
1152 799 1211 856 aito
1227 802 1325 871 posito,

331 897 362 952 ut
376 889 516 943 existimat
532 887 663 941 (tenuius.

347 1013 380 1080 5.
407 1003 508 1093 Quod
529 1003 571 1074 od
594 1023 788 1076 mensuram
811 1001 903 1074 verbi
922 1009 1060 1092 attinet,
1094 985 1207 1076 Festus
1229 1003 1326 1074 docet

261 1124 366 1190 argo,
407 1097 500 1185 quod
519 1097 564 1181 'sit
585 1090 663 1179 ndu,
697 1105 890 1182 correptam
913 1093 1233 1188 habereultimam,
1266 1095 1325 1170 sed

262 1187 465 1340 traductam
478 1179 547 1256 subi
567 1183 611 1246 sit
638 1191 705 1271 pro'
726 1198 852 1245 corrasa
873 1181 947 1267 vid.
967 1204 1000 1268 p.
1017 1181 1094 1247 442.
1150 1180 1216 1248 Sed
1239 1179 1326 1247 Mar.

252 1325 255 1332 .
295 1271 517 1355 ictorinusp.
537 1270 635 1333 2472.
671 1288 756 1354 ergo
778 1267 973 1332 coniunctio
991 1285 1061 1354 pro
1087 1265 1197 1366 ionga
1220 1266 1325 1336 tohu

262 1361 424 1426 ultimam
447 1351 606 1419 'litteram
633 1376 670 1431 0,
702 1364 815 1418 otest
838 1347 946 1429 illud,
974 1373 1061 1441 ergo
1086 1375 1182 1418 atussa
1199 1365 1324 1440 parat,

262 1435 563 1526 Broukhusiusjad
584 1441 738 1526 Propert.
762 1461 798 1527 p.
820 1443 897 1503 Ι276.
925 1439 1009 1519 „vix
1023 1454 1166 1525 usquam
1182 1440 1325 1528 reperies
1402 1465 1403 1532 u

263 1528 352 1620 apud
379 1531 488 1593 castos
509 1526 586 1590 illos
619 1533 745 1590 veteres
773 1523 910 1612 alteram
942 1526 977 1588 in
1004 1547 1088 1612 erga
1112 1531 1323 1614 correptam

265 1614 358 1706 quod
374 1617 405 1679 e't
422 1609 662 1678 'nitidissimum
682 1610 873 1676 Secundum
889 1603 1018 1675 fefellit.
1061 1611 1120 1675 Est
1139 1623 1251 1680 tamen
1269 1611 1324 1676 fu-

263 1699 423 1778 tendum,
446 1695 481 1762 in
500 1688 566 1761 hoc
583 1711 702 1761 errore
717 1715 787 1760 non
803 1699 876 1762 sine
890 1699 985 1762 venia
1001 1697 1150 1784 peccari,
1173 1707 1205 1760 et
1225 1716 1324 1786 prae-

145 1840 150 1848 .
186 1863 190 1873 ἱ
264 1791 361 1856 ivisse
379 1781 519 1874 posteris
535 1799 654 1847 ornnes
669 1803 739 1863 eos,
760 1779 819 1870 qui
835 1793 913 1870 post
929 1781 1069 1868 Augusti
1085 1783 1325 1849 aetatemscri·

263 1875 440 1964 pserunt2.“
478 1867 631 1953 ¹Vossius
663 1868 703 1932 da
732 1866 810 1932 Arte
838 1875 1001 1956 gram-2,
1027 1871 1079 1933 17.
1114 1891 1185 1933 non
1214 1891 1325 1935 errare

292 1959 415 2025 otuisse
439 1953 604 2019 existimat
620 1947 776 2018 VerrIum
791 1949 963 2019 Flaccum}
990 1967 1092 2043 quare
1112 1973 1182 2020 nou
1207 1956 1325 2020 absur-

264 1983 346 2111 dum
360 2059 433 2108 'esse
446 2041 625 2106 discrimen
642 2061 659 2104 a
674 2035 773 2104 Festo
791 2045 964 2120 notatum,
978 2039 1037 2106 sed
1053 2039 1324 2106 coniunctionem

252 2124 417 2198 'habuisse
447 2125 701 2213 sesquitempus.
750 2119 917 2190 Pincierus
947 2125 1079 2214 Parerg.
1103 2133 1135 2209 2,
1158 2121 1213 2193 28.
1237 2125 1325 2194 Festi

266 2215 513 2282 distinctionem
537 2212 681 2276 ieiunam
706 2213 740 2275 et
761 2211 936 2276 ridiculam
956 2213 1154 2300 appellabat.
1198 2211 1322 2295 Locos,

266 2324 352 2392 quos
375 2295 431 2364 ulii
454 2316 499 2364 ex
518 2297 638 2360 Ouidio
663 2297 805 2361 afferunt
827 2291 905 2363 Her.
921 2299 953 2378 5,
969 2303 1022 2364 59.
1053 2295 1156 2364 Trist.
1174 2301 1203 2379 1,
1223 2307 1253 2380 1,
1269 2301 1322 2365 87.

158 2409 162 2418 ’
208 2415 210 2420 ·
229 2399 232 2406 ’
264 2385 483 2476 corruptione
499 2378 704 2464 laborantes,
721 2378 788 2447 iam
803 2399 875 2449 esse
888 2386 1099 2458 emendatos,
1122 2387 1324 2451 monstravit

264 2474 478 2542 Burmannus
494 2467 534 2534 ad
548 2466 680 2534 Lotich.
699 2475 775 2554 1.2,
790 2475 843 2534 82.
869 2475 901 2534 et
917 2469 956 2533 ad
972 2469 1108 2536 Anthol.
1119 2471 1161 2536 Τ.
1173 2475 1202 2535 1.
1220 2492 1254 2560 p.
1269 2477 1321 2536 19.

194 2559 197 2564 “
249 2561 427 2632 etloum.
454 2557 490 2622 in
515 2550 777 2643 quibussyilaba
796 2552 995 2644 corripitur,
1031 2557 1215 2623 nominavit
1232 2555 1320 2622 ¹honr

268 2645 377 2711 Valer.
401 2639 448 2707 Fl.
461 2643 494 2721 ’2,
510 2644 585 2705 407.
609 2643 642 2720 8,
665 2645 862 2706 asta-439.
896 2639 990 2707 Adde
1004 2638 1126 2708 Lucan.
1143 2649 1175 2721 9,
1193 2646 1266 2714 256.
1291 2654 1324 2709 et

126 2757 128 2781 =
233 2771 235 2778 ,
266 2730 438 2798 Claudiae.
454 2727 483 2791 E
508 2721 561 2790 ist.
579 2727 609 2806 4,
629 2726 679 2792 17.
704 2725 756 2791 Cf.
769 2725 904 2793 Samen.
919 2729 961 2793 nd
976 2726 1099 2794 Mureti
1116 2732 1227 2794 Corm.
1239 2729 1282 2793 T.
1292 2732 1322 2795 4.

191 2864 194 2872 ,
247 2876 250 2890 ,
290 2821 369 2886 .’31.
401 2751 590 2878 H'uscirkius
613 2813 654 2876 ad
675 2813 798 2900 Tibull.
819 2821 851 2892 3,
870 2821 902 2894 2,
918 2819 948 2880 9.
973 2837 1006 2904 p.
1020 2817 1095 2880 440.
1129 2815 1323 2880 decuratius

264 2841 346 2970 diaeo
368 2901 520 2966 tractavit
537 2892 723 2986 Lennepius
740 2893 781 2986 ad
798 2898 894 2964 Ovid.
910 2898 988 2966 Her.
997 2900 1029 2981 5,
1039 2900 1093 2974 59.
1129 2901 1214 2967 Nam
1235 2912 1323 2970 recte

266 2986 469 3067 observavit,
506 2983 664 3050 Ovidium
691 2977 845 3050 clausisse
876 2986 970 3072 quasi
1000 3005 1119 3076 agmen
1143 2995 1321 3075 poetarum
1399 2993 1400 3034 ³

265 3067 387 3141 saeculi
397 3071 544 3157 Augusti,
561 3078 594 3137 et
607 3093 683 3135 cum
699 3067 834 3158 reliquis
850 3094 935 3160 ergo
949 3069 998 3137 bis
1016 3085 1106 3139 terve
1121 3075 1322 3160 corripuisse

264 3156 382 3228 videri.
434 3153 484 3224 De
512 3171 575 3222 'usu
608 3153 802 3224 Terentiani
833 3158 942 3225 Mauri
967 3154 1052 3222 dixit
1076 3159 1253 3227 Sautenius
1280 3159 1322 3224 ad

264 3271 295 3314 v.
312 3247 408 3314 2276.
441 3239 479 3326 In
496 3259 592 3309 versu
608 3237 704 3308 Ennii
724 3241 810 3331 apud
821 3241 889 3308 Cic.
910 3242 950 3309 de
966 3244 1096 3309 Senect.
1113 3245 1144 3325 4,
1164 3249 1213 3310 10.
1231 3246 1322 3328 etde
1398 3269 1399 3282 ³

267 3333 334 3399 Off.
351 3336 380 3413 1,
395 3330 448 3396 24.
476 3347 564 3393 nunc
580 3330 765 3415 repositum
780 3329 901 3414 legitur
922 3350 1007 3417 ergo
1020 3341 1163 3482 {astque
1179 3329 1319 3418 aragis-

264 3439 337 3507 que.
367 3415 409 3568 og.
421 3415 555 3480 Santen.
573 3415 613 3480 ad
622 3413 742 3481 Catulli
759 3415 852 3503 Eleg.
861 3418 916 3482 48.
935 3417 1024 3483 Husc
1049 3413 1126 3482 kius
1141 3417 1183 3482 nd
1192 3417 1321 3484 Tibull.

266 3509 412 3588 1‚1‚1.

349 3636 377 3703 6.
407 3629 457 3700 De
472 3627 568 3714 ioco,
593 3652 694 3722 quem
709 3629 869 3726 particula
886 3628 1053 3718 obtineat,
1075 3653 1192 3702 ornnes
1206 3657 1320 3726 grem

263 3722 376 3788 matioi
393 3739 480 3786 nunc
496 3720 637 3803 docent,
668 3744 740 3786 eam
759 3722 798 3786 ab
821 3717 917 3787 initio
934 3723 1170 3788 enuntiationis
1184 3742 1321 3810 semper
1397 3745 1398 3750 ¹

263 3807 366 3896 poni,
387 3801 452 3871 nisi
466 3825 570 3896 unum
585 3807 627 3872 ali
651 3807 720 3872 uod
736 3807 875 3873 verbnm
891 3804 970 3872 insit
986 3811 1020 3874 in
1033 3805 1205 3890 sententia,
1225 3807 1320 3896 qnod

262 3892 370 3958 maius
400 3899 610 3975 momentum
669 3893 770 3958 abeat.
830 3890 883 3958 cf.
918 3887 1111 3958 Hoffmann.
1141 3895 1177 3959 in
1209 3891 1320 3960 Iahnii

263 3979 382 4044 Annal.
401 3980 432 4061 7,
450 3983 482 4043 8.
506 4001 540 4066 p.
558 3982 632 4044 269.
671 3977 859 4044 Priscianus
883 4003 917 4066 p.
936 3974 1164 4067 1210.,igitor
1179 3991 1212 4045 et
1231 4001 1319 4067 ergo

263 4072 339 4129 tam
352 4071 618 4164 praeponuntur
642 4081 745 4152 quam
765 4071 1027 4215 supponuntur.
1066 4066 1178 4146 Quam
1201 4066 1319 4130 sedem

247 4150 326 4215 sibi
341 4149 482 4216 undicet
495 4149 692 4236 significatio
709 4167 820 4215 caussa
834 4149 873 4232 is,
892 4151 1037 4214 diximus
1054 4171 1087 4238 p.
1097 4153 1172 4216 442.
1216 4151 1261 4215 Et
1281 4152 1320 4215 in

263 4236 397 4326 reliquis
420 4235 767 4317 animadvertendum,
805 4236 967 4326 particula
996 4247 1111 4304 utrum
1139 4231 1183 4303 od
1205 4243 1318 4304 totam
