2802 4732
123 343 164 438 s
239 386 303 454 550
588 359 633 471 ᾗ
677 345 832 450 urrani.
1177 478 1183 482 ν

182 489 184 497 Ι
309 541 398 598 attam.
431 538 458 606 4,
481 535 525 592 24.
540 553 575 608 p.
595 537 656 592 240.
680 535 850 590 auctionibus
866 533 965 590 nutu
985 537 1113 593 utendam
1133 544 1172 596 eet
1187 539 1243 610 cic,
1270 546 1300 598 at

310 627 391 682 ctiam
406 641 465 678 mm
478 643 562 694 acopo
575 653 610 664 -
624 624 735 679 articuli
747 622 937 694 perfricatur.

329 752 361 814 6.
384 747 421 812 10
445 747 661 813 numerandis
682 745 780 812 r'ebus
804 745 911 811 etiam
924 744 968 811 de
988 767 1027 812 eo
1046 745 1180 828 dicunt,
1209 747 1303 836 quod

246 853 387 901 numero
404 830 550 900 additura
577 835 685 900 etiam
701 851 806 898 unum
821 833 843 897 i.
863 855 892 896 e.
917 833 1004 897 noch
1024 833 1109 899 eina.
1152 833 1201 899 Ita
1251 845 1304 898 ost

240 921 396 1008 primum
410 945 476 1010 pro
497 921 623 992 deinde
637 923 736 1010 poni,
767 922 834 985 iam
858 919 1004 994 diximus
1026 943 1060 1009 p.
1084 921 1159 986 547.
1244 920 1304 986 ulti

246 1007 349 1073 hodie
366 1011 463 1077 verba
484 1008 609 1075 deinde
628 1009 734 1073 etiam
757 1017 919 1094 usurpant
942 1026 1014 1072 nou
1036 1009 1172 1094 antiquo
1194 1025 1303 1088 more,

245 1095 303 1161 sed
319 1097 566 1162 Germanorum
580 1095 749 1182 loquelam
772 1095 949 1161 imitantes.
988 1095 1100 1160 Latini
1117 1095 1220 1170 enim,
1233 1116 1304 1178 non

246 1183 291 1248 ita
305 1183 419 1250 dicunt
428 1235 438 1266 ,
454 1185 517 1249 nisi
532 1184 638 1249 etiam
653 1182 694 1247 ad
709 1182 817 1261 verba,
835 1203 918 1268 quae
935 1191 1132 1268 sequuntur,
1147 1181 1301 1270 pertinet.

254 1320 265 1345 -·
352 1305 464 1358 Terent.
482 1306 552 1358 Eun.
570 1303 596 1370 5,
614 1303 639 1371 8,
654 1304 698 1359 54.
718 1322 800 1356 anana
815 1305 897 1356 etiam
912 1321 958 1356 aar
974 1321 1036 1367 oro,
1056 1309 1156 1358 atetc.
1172 1303 1191 1356 i.
1207 1321 1232 1358 e.
1249 1306 1305 1359 eins

231 1446 234 1454 ,
316 1391 384 1442 cocle
408 1392 473 1443 litte
495 1391 545 1443 icit.
581 1390 684 1442 Heaut.
706 1387 732 1455 5,
757 1388 782 1454 1,
806 1388 850 1444 22.
885 1389 998 1442 Phorm.
1016 1387 1043 1454 5,
1060 1387 1086 1455 5,
1103 1388 1130 1443 3.
1157 1407 1229 1442 nune
1248 1408 1305 1444 nna

316 1475 384 1529 milii
399 1493 440 1528 res
457 1476 537 1528 ctiam
554 1480 646 1528 restat.
672 1473 784 1527 Persius
805 1472 831 1539 6,
855 1472 899 1528 58.
920 1475 991 1526 adde
1007 1475 1090 1546 etiam
1105 1493 1204 1540 anum,
1223 1493 1304 1529 unam
1334 1494 1338 1506 ¹

316 1563 415 1614 ctiam:
432 1569 522 1614 terrae
539 1567 577 1612 est
594 1561 648 1612 iani
659 1561 746 1628 filiae.
781 1561 859 1614 Bene
876 1559 1014 1612 intellexit
1027 1559 1141 1612 Iahnius
1156 1577 1211 1612 non
1226 1575 1306 1628 prorh

316 1665 361 1701 sus
376 1645 501 1698 camdem
515 1643 650 1698 rationem
666 1663 726 1698 esse
740 1645 768 1697 in
781 1645 880 1704 Horat.
896 1641 1049 1713 uptam,
1059 1642 1101 1697 45.
1122 1646 1226 1698 candae
1237 1645 1306 1714 pilae

316 1740 347 1784 at
362 1731 473 1800 equinae
490 1731 634 1798 paullatim
650 1731 717 1782 cello
738 1736 763 1782 et
786 1730 860 1782 demo
888 1747 986 1794 anam,
1013 1730 1088 1782 demo
1109 1730 1191 1782 etiam
1214 1747 1304 1794 unam,

317 1817 380 1868 dum
394 1816 476 1867 cadat
491 1815 576 1866 elusus
591 1814 695 1867 ratione
711 1816 812 1868 ruentis
827 1815 923 1870 acervi.
960 1816 1051 1882 Quum
1062 1814 1090 1867 in
1105 1814 1150 1866 his
1165 1830 1256 1866 sermo
1272 1813 1307 1868 sit

316 1902 350 1952 'de
367 1899 485 1967 repetita
500 1898 652 1965 demtione,
677 1899 737 1952 nisi·
754 1899 940 1968 explicemus:
967 1901 1048 1953 demo
1071 1917 1155 1952 nuum
1170 1903 1198 1952 et
1212 1916 1305 1965 unum,

314 2002 366 2037 non
381 1991 457 2036 racto
469 1983 623 2045 rehabebit
637 1983 781 2040 sententia.
818 1986 911 2052 Quare
925 1984 989 2036 vide
1005 2001 1040 2038 ne
1053 1990 1176 2052 praestet
1190 1984 1306 2036 duorum

317 2069 541 2138 coddscripturu
552 2071 625 2123 demo
641 2071 841 2124 itidentidem:
860 2086 941 2139 quum
956 2067 1200 2137 Iahnius-recepit.
1227 2067 1307 2136 Quod

318 2161 400 2224 poeta
414 2153 491 2210 addit
506 2156 567 2208 dnm
576 2157 657 2212 cadat
670 2162 739 2221 cta,
757 2173 813 2211 non
823 2155 896 2212 tollit
910 2154 1068 2211 distinctam
1078 2152 1306 2206 numerationem.

317 2239 417 2309 virgil.
440 2240 508 2294 Aen.
526 2239 569 2304 11,
586 2237 647 2294 352.
685 2259 768 2296 anam
790 2242 870 2294 etiam
887 2242 980 2307 donis,
1009 2257 1076 2310 orcae
1094 2239 1214 2309 plurimu
1236 2239 1308 2292 mitti

216 2319 232 2375 J
316 2325 485 2379 Dardanidis
494 2325 596 2394 dicique
609 2325 690 2391 intes,
708 2311 800 2392 anain,
820 2327 1027 2406 optimercgam,
1048 2324 1170 2380 adiicias.
1192 2323 1307 2377 Sueten.

319 2413 397 2466 (lues.
413 2409 456 2468 24.
476 2429 529 2480 pac
539 2413 647 2478 fiducia
661 2414 699 2466 ad
711 2413 846 2482 legiones,
865 2429 931 2480 quae
950 2430 968 2465 a
990 2410 1141 2480 republica
1160 2415 1308 2484 acceperat,

272 2489 293 2510 ’“
318 2497 511 2566 aliae-privato
531 2514 578 2554 sae
598 2504 704 2570 camptu
726 2498 849 2564 addidit,
875 2513 959 2553 anam
973 2496 1055 2552 etiam
1073 2492 1309 2564 cce-Transalpinis

316 2583 498 2652 conscriptam.

318 2751 322 2762 q
354 2683 413 2738 Cic.
426 2683 464 2740 de
479 2685 547 2752 Lag.
563 2683 637 2737 Mun.
652 2682 696 2748 22,
711 2680 755 2739 (ll.
781 2684 876 2737 deinde
890 2683 997 2739 etiamsi
1018 2683 1063 2752 qai
1087 2687 1151 2736 eant
1161 2679 1266 2750 pedore
1278 2695 1310 2734 ac

317 2769 495 2838 temperantia
510 2770 714 2836 moderatiores,
733 2776 826 2822 tamcn
841 2776 893 2822 etc.

363 2870 460 2925 cun
476 2872 553 2924 terr.
569 2869 595 2936 a,
611 2871 653 2937 10,
667 2871 711 2925 21.
731 2847 900 2929 actiacam
915 2873 984 2931 rum
997 2870 1050 2927 cai
1062 2849 1311 2948 officinarum

315 2956 403 3026 primo
420 2958 584 3021 commercio,
607 2957 702 3013 deinde
720 2953 802 3012 eticae
819 2959 951 3028 societate.

333 3087 367 3152 7.
399 3083 482 3148 Cum
515 3084 622 3150 verbis
661 3085 929 3172 aliquantalum,
965 3083 1184 3172 paulladum,
1229 3104 1312 3148 con·

249 3169 400 3238 iunctum
423 3171 532 3237 etiam
551 3170 646 3236 reddi
667 3170 877 3238 debet'noch.

353 3291 444 3350 Plaut.
455 3292 533 3359 cept.
549 3291 575 3356 1,
591 3290 618 3356 2,
633 3290 676 3348 33.
689 3291 762 3359 (27.)
780 3311 863 3363 neque
878 3309 1004 3362 amquam
1020 3292 1164 3362 quidquam
1178 3289 1312 3358 piciaaat

319 3377 389 3444 quod
403 3378 452 3428 cdo
468 3377 553 3430 domi:
575 3376 648 3442 forie
669 3377 866 3444 aliquantulum
888 3380 969 3434 etiam
993 3378 1063 3446 qaod
1077 3381 1174 3446 gnato,
1196 3373 1227 3426 id
1243 3374 1311 3426 beat.

320 3461 339 3513 i.
357 3478 381 3518 e.
409 3463 460 3514 das
478 3460 604 3528 Bissclren
625 3462 693 3514 necle
709 3478 765 3514 auae
787 3462 831 3514 icit
853 3465 986 3518 amnone
1000 3463 1126 3532 geniales.
1162 3458 1313 3513 Lambinus

234 3617 236 3621 v
319 3547 393 3602 male
417 3545 525 3602 ordimut
546 3545 649 3600 verba:
667 3547 736 3614 quod
749 3553 841 3616 ,gusto
856 3549 943 3615 forie,
969 3549 998 3606 id
1015 3548 1096 3602 ctiam
1113 3545 1313 3616 aliquantulam

323 3631 393 3686 leat.

259 3805 263 3814 Ι
356 3733 469 3787 silua.
490 3733 549 3786 cae
566 3730 610 3798 cr,
632 3729 658 3784 4.
679 3729 744 3804 vice
762 3732 794 3785 v.
811 3731 836 3789 1.
912 3711 916 3718 '

334 3865 365 3926 8.
390 3860 495 3937 Sunt,
533 3856 590 3945 qui
614 3858 724 3923 dicant
751 3858 859 3922 etiam
883 3862 969 3948 poni
990 3883 1054 3949 pro
1081 3827 1191 3927 etiam
1213 3871 1316 3950 atque

250 3944 376 4026 etiam,
399 3947 456 4010 sed
472 3945 634 4017 falluntur
648 3944 731 4012 falsa
750 3946 942 4036 suspicione
961 3949 1176 4014 necessitatis.

351 4069 394 4126 Ile
413 4067 526 4120 Terent.
540 4067 611 4152 Fam.
634 4065 660 4131 5,
680 4065 706 4131 fl,
728 4045 770 4119 54.
799 4065 918 4119 diximus
937 4083 965 4120 n.
981 4065 1008 4120 6.
1039 4068 1200 4122 Ochsnertm
1214 4067 1317 4137 Eclog.

315 4168 341 4219 p.
357 4149 416 4206 468.
446 4151 538 4209 locum
555 4153 612 4206 cic.
638 4153 672 4204 de
696 4151 758 4205 Div.
777 4151 804 4217 2,
819 4151 864 4216 72,
880 4150 940 4204 149.
969 4152 1108 4220 explicat,
1136 4150 1216 4222 quasi
1235 4154 1320 4206 ctiam

310 4234 388 4292 idem
414 4234 451 4292 sit
474 4237 648 4305 quodetiam
670 4246 748 4314 atque
770 4238 868 4296 etiam:
898 4237 971 4330 pund
989 4237 1080 4309 ipsum
1095 4237 1216 4294 0rellius
1235 4237 1318 4291 resti·
