2782 4730
480 429 485 448 ‚
583 358 657 424 Ex.
980 332 983 343 ⁵
1078 372 1138 438 cer

106 535 171 580 rem
194 510 353 598 agendam
375 509 485 598 aliquo
510 513 614 578 modo
633 512 763 579 ordinet
780 533 816 580 ac
832 524 934 604 regat.
973 517 1063 586 Haec
1079 525 1142 588 tri-

105 601 220 690 plicem
241 598 338 662 habet
361 597 638 664 observationem.
692 600 840 664 Primum
862 603 950 666 euna
973 603 1025 684 id,
1048 608 1140 693 quod

105 684 249 764 alicuirei
266 683 618 770 caussamsuppeditat,
632 693 743 771 potest
758 707 820 772 pro
836 687 904 752 eius
921 685 1137 758 fundamento

103 769 232 849 haberi,
252 771 366 856 etipsa
383 790 435 831 res
458 770 586 833 videtur
601 791 641 832 ex
660 791 699 834 eo
719 769 863 857 prodire.
905 772 1017 852 Quare
1030 777 1139 843 Latini

101 879 142 922 ex
157 855 264 942 aliquo
281 850 518 918 nominationi
539 853 653 919 dicunt
674 855 728 935 id,
751 857 840 942 quod
857 856 896 923 ad
913 879 988 924 eum
1005 860 1138 936 istaru-

100 943 186 1006 tioae
203 940 363 1028 pertincte
391 947 426 1002 et
446 960 508 1026 per
531 938 617 1004 hanc
636 942 918 1038 praepositionem
935 948 1137 1026 recentiores

100 1027 192 1092 etiam
210 1032 440 1112 argumentum
462 1025 605 1112 agendae
626 1047 674 1090 rer
691 1027 716 1090 si
741 1025 894 1108 uideant,
917 1028 1017 1096 veluti
1053 1054 1138 1098 aas·

97 1113 238 1176 ationem
271 1106 396 1180 laudere
418 1131 459 1173 ex
485 1111 610 1198 aliquo.
664 1112 706 1176 Se
759 1112 981 1186 iurisconsulti
1017 1054 1138 1204 uirique

97 1198 295 1263 miscuerunt
317 1195 573 1281 praepositiones
599 1219 639 1260 ex
661 1206 694 1260 et
716 1192 777 1260 ciel

197 1295 288 1349 Tacit.
299 1295 367 1348 Anu.
382 1293 407 1361 l,
422 1293 448 1348 6.
465 1297 553 1366 plebes
569 1297 626 1350 acri
640 1297 743 1368 quidem
760 1313 868 1350 annona
880 1297 1074 1368 fatigabatur,
1091 1301 1138 1356 seri

162 1379 237 1432 nulla
257 1380 286 1432 in
306 1396 336 1433 ca
358 1382 437 1450 calpa
459 1398 490 1434 ec
508 1381 637 1450 principe.
661 1380 680 1434 i.
695 1387 719 1433 a.
737 1398 754 1434 a
769 1386 848 1450 purte
863 1379 1004 1448 principis.
1033 1382 1092 1437 cte.
1108 1403 1136 1453 p.

162 1463 266 1517 Scauro
285 1463 312 1528 2,
336 1464 378 1518 ll.
410 1466 552 1519 damnator
574 1473 613 1520 est
636 1465 666 1518 Τ.
688 1466 815 1519 Allectus
860 1465 889 1517 G.
907 1464 1082 1534 Megaboccus
1105 1486 1137 1522 cs

162 1549 306 1614 Sardinia,
324 1550 457 1601 nonnullis
478 1550 559 1602 etiam
579 1550 750 1604 laudantibus
772 1551 826 1602 Sar
849 1549 876 1600 '.
901 1546 920 1600 i.
936 1564 961 1600 e.
988 1567 1084 1606 cauma
1102 1567 1137 1606 ex

159 1629 289 1686 Sardinia
299 1631 480 1701 suppeditata
496 1631 551 1686 Nos
566 1634 768 1686 conSardiniea
777 1649 834 1685 aas.
854 1633 916 1699 Quo
931 1632 1035 1686 reisrri
1048 1639 1137 1703 potest

157 1715 300 1785 Papiniair.
324 1715 352 1769 in
366 1715 471 1786 Dignst.
495 1699 596 1782 t'‚1‚5.
615 1718 639 1769 si
654 1735 685 1770 ea
698 1718 827 1770 accamoni
837 1716 950 1787 praedic
963 1717 1099 1773 debeatur.
1120 1771 1125 1783 ,

193 1799 345 1866 Similiter,
371 1805 403 1853 ut
423 1800 548 1867 videtur,
574 1801 665 1855 Tacit.
681 1801 755 1855 ntae.
768 1799 795 1867 t,
811 1799 855 1854 66.
881 1801 936 1869 ipse
955 1817 970 1854 c
992 1803 1138 1856 moloniae

156 1885 211 1938 sois
227 1885 307 1937 itastis
318 1885 410 1954 populi
425 1884 530 1936 romani
546 1901 623 1952 qoam
640 1885 723 1937 sociate
735 1885 863 1938 iactabat.
883 1884 902 1936 i.
912 1901 937 1936 s.
955 1901 1037 1952 quum
1047 1888 1135 1941 maio-

159 1983 205 2020 res
225 1973 306 2028 antea
324 1966 439 2019 inurent
461 1967 569 2031 hostes,
597 1972 710 2036 aparte
725 1967 869 2020 maiarum.
891 1969 1078 2039 ,Quamquam
1091 1972 1138 2026 iu«

157 2048 250 2117 tcltigt
263 2054 351 2115 petest
365 2050 449 2102 stiam
462 2048 592 2118 temperis
606 2049 694 2114 ratio,
712 2049 746 2102 dc
761 2065 816 2119 qua
828 2048 905 2104 tta.

193 2131 254 2185 Lis.
268 2131 312 2196 til,
328 2131 371 2198 di,
391 2132 418 2187 5.
442 2140 581 2202 postquam
600 2149 634 2185 ne
651 2139 708 2186 tons
729 2135 832 2202 quiden
850 2142 970 2204 potestas
989 2142 1136 2210 pugnandi
1174 2182 1177 2191 s

159 2215 285 2282 dolator,
302 2218 365 2286 quia
374 2219 410 2272 'ea
422 2222 478 2272 lum
491 2217 646 2286 propinquis
659 2217 764 2270 stativis
777 2235 875 2289 parans
886 2227 946 2274 iota
956 2224 1134 2287 franentatio

158 2310 233 2368 erat,
258 2300 387 2370 dispersas
400 2301 496 2353 milites
508 2316 557 2370 per
569 2317 651 2370 agros
665 2302 794 2370 equitibus
809 2304 935 2370 cntempla
948 2305 1091 2372 nicanoris,
1099 2334 1134 2347 -

158 2395 250 2440 matra
271 2388 309 2440 ael
331 2385 502 2454 Ortolaplons
523 2386 613 2438 sacoit.
637 2383 657 2438 i.
681 2401 706 2439 c.
733 2403 817 2456 quum
840 2387 940 2444 stativs
963 2388 1134 2467 hortium4et

145 2472 343 2526 „Romanorum
356 2476 411 2523 tutu
427 2469 579 2538 propinqua
592 2473 690 2522 esseut.
790 2509 791 2513 ,

191 2557 290 2609 Florus
309 2555 336 2620 2,
355 2553 381 2620 6,
405 2553 448 2607 ll.
475 2555 537 2606 ltine
554 2554 596 2607 illi
617 2569 761 2624 cognom
783 2562 925 2610 nannet
952 2554 993 2608 rei
1012 2555 1134 2625 pollices

151 2641 276 2696 *salutare
291 2641 451 2692 cunctatore
468 2638 530 2690 ilinc
546 2639 652 2692 illudes
661 2639 774 2709 popolo,
788 2648 817 2693 ot
834 2641 1046 2710 imperiiscotum
1056 2630 1133 2694 occa-

161 2733 244 2779 retar.
262 2724 281 2778 i.
291 2741 316 2777 e.
332 2721 404 2790 apud
419 2722 563 2790 populum,
578 2722 656 2790 quasi
670 2738 687 2777 s
700 2722 801 2792 popula
815 2725 1032 2792 proiectumnid.
1047 2742 1073 2777 u.
1088 2723 1133 2778 28.

193 2809 276 2864 Gaius
297 2809 326 2862 iu
348 2805 513 2876 Digestdtl,
528 2807 555 2870 1,
572 2805 615 2860 ut.
640 2823 730 2859 mnas
746 2809 794 2860 oni
815 2826 847 2862 cs
866 2810 1003 2864 hecditius
1026 2811 1135 2879 legatos

107 2919 110 2924 ¹
156 2895 183 2949 si
196 2896 259 2965 quid
278 2895 307 2948 in
322 2892 469 2948 hereditate
484 2892 615 2946 malitiose
623 2891 718 2958 secisse
732 2889 853 2960 dicator,
871 2919 903 2934 -
922 2911 975 2947 nen
989 2894 1068 2946 aliter
1082 2894 1133 2944 aal-

158 2981 317 3034 iudicandas
330 2985 382 3044 est,
410 2994 489 3046 qoam
506 2994 537 3030 es
554 2992 584 3028 co
604 2971 748 3027 colentibus
767 2975 932 3047 calceradiios
951 2979 1067 3046 quaestio
1082 2978 1133 3028 la-

156 3064 257 3116 leator.
293 3057 592 3129 leiau.iu1)ig.2‚14,
606 3056 683 3122 alt
709 3058 734 3110 si
747 3074 779 3111 aa
788 3077 817 3112 re
826 3060 963 3127 familiari
977 3059 1132 3130 aperisnaoi

153 3148 288 3199 nuntiatio
299 3146 335 3197 sit
344 3147 433 3211 sacta,
450 3143 528 3194 licem
545 3141 659 3210 pacisci:
684 3141 926 3213 sideropelum,
945 3161 999 3196 non
1014 3145 1102 3198 liceat.

170 3247 224 3312 47.
258 3244 348 3312 Turn
376 3243 496 3310 codem
520 3241 623 3306 modo
654 3245 856 3330 exprimitur.
882 3265 1013 3322 caussa,
1047 3263 1133 3330 quac

82 3335 290 3400 occasionem
316 3341 348 3397 et
369 3327 647 3418 opportunitatem
672 3329 792 3409 ofl'ert,
819 3329 875 3394 ubi
899 3330 1055 3402 Germani
1078 3328 1132 3392 di-

83 3427 167 3484 cunt
194 3415 264 3504 anf
275 3415 312 3482 V
312 3417 552 3500 eranlassung.
596 3412 650 3476 Sic
667 3415 749 3479 adeo
767 3437 807 3480 ex
829 3416 923 3480 omni
943 3414 1131 3493 occasione,

83 3505 176 3589 quod
201 3514 250 3568 ast
271 3503 326 3568 tei
345 3501 442 3584 iader
459 3497 698 3584 Getegealseit,
727 3510 760 3564 et
783 3524 823 3566 ex
846 3501 1022 3568 occasione
1043 3499 1132 3588 apud

80 3590 264 3676 scriptores
283 3599 361 3676 post
378 3589 570 3674 Augustum.
965 3669 968 3675 Ι
1060 3589 1077 3672 'J

191 3689 248 3742 cta.
264 3690 300 3742 ad
314 3691 370 3744 Att.
386 3689 412 3754 1,
428 3687 454 3740 6.
469 3704 517 3739 nos
535 3686 578 3738 laic
595 3692 621 3738 te
644 3684 681 3736 ad
699 3699 814 3736 mensem
828 3685 982 3738 ianuarium
996 3687 1130 3754 casperio·

154 3789 212 3825 raas
228 3790 258 3823 cc
276 3775 389 3841 quodam
409 3788 529 3836 waere,
555 3787 592 3824 an
613 3786 644 3822 ec
664 3763 758 3820 litteris
776 3767 812 3822 ad
827 3771 893 3823 alios
907 3769 1001 3822 missis.
1033 3768 1128 3826 Plauc.

154 3855 190 3908 sd
207 3854 263 3910 cic.
279 3855 321 3921 16,
335 3853 362 3922 4,
378 3856 404 3908 l.
427 3854 601 3928 gratissimae
618 3851 685 3907 milti
704 3858 767 3906 tace
789 3853 894 3907 litterae
909 3855 1039 3920 fuerant,
1060 3847 1130 3923 'qaas

151 3957 184 3993 cr
198 3940 293 3992 Fannii
306 3957 423 3994 sonans·
435 3947 462 3993 te
472 3939 606 4009 scripsisse
620 3938 812 3991 animaduerto.
853 3937 943 3992 Tacit.
956 3936 1029 3990 Hist.
1044 3935 1071 3998 2,
1085 3933 1129 3989 86.
1176 4007 1180 4014 ¹

152 4041 184 4078 ea
207 4023 307 4076 nuntiis
335 4023 530 4077 mactalondos
556 4029 605 4076 aot
632 4037 786 4093 properam.
833 4020 908 4081 Suet.
934 4022 1004 4089 Aug.
1029 4019 1072 4074 tl.
1099 4036 1132 4074 es

150 4115 280 4162 nocturno
292 4107 350 4160 sisa
361 4105 453 4178 slipen
466 4106 607 4178 quotannis
620 4107 664 4162 dic
677 4113 747 4162 certo
761 4107 940 4161 emendicatas
957 4123 975 4160 a
987 4105 1097 4174 popula.
1124 4147 1128 4158 .

125 4188 170 4273 u.
788 4187 848 4254 a..

441 4247 462 4288 ρ
