2782 4730
274 402 337 468 640
755 394 827 461 Ex.

340 554 412 640 Illud
429 549 533 608 iactum
550 551 661 620 probari
678 554 780 620 potent,
807 555 838 605 ui
852 549 888 604 eit
902 551 972 604 inter
984 551 1125 618 emollita,
1145 555 1220 624 apud
1234 560 1315 612 autel.

337 642 404 693 litec.
428 639 455 702 2,
470 636 496 701 6,
511 637 553 690 21.
578 639 639 690 ltine
659 639 727 690 utcu
750 655 782 690 ec
801 638 913 706 popolo,
947 637 1222 705 campocunanae
1238 661 1314 696 occa-

335 733 417 778 retor.
434 723 453 775 i.
468 739 492 774 e.
511 722 582 789 opud
595 721 739 790 populum,
759 720 788 772 in
798 721 906 787 populo.
927 720 983 773 vit.
996 737 1023 774 u.
1033 721 1076 774 28.
1101 723 1177 775 (luri.
1185 723 1313 791 19,2,18.

338 809 455 860 eredme
468 823 521 859 ano
534 823 578 859 ore
600 823 687 858 amaea
705 807 839 858 mdcliuee
861 806 1017 857 clamarent
1041 806 1083 858 ita
1095 808 1202 873 parier
1217 806 1249 863 e'a
1261 819 1315 866 tata

337 892 457 946 coccione
470 907 622 960 responsam
636 897 682 942 eet.
703 889 722 942 i.
738 907 762 942 c.
780 887 858 957 quasi
875 905 891 940 c
906 887 998 940 media
1012 887 1151 943 concione.

380 996 450 1048 Cum
473 993 517 1046 hio
544 1011 580 1045 ne
609 992 669 1062 qnia
695 992 858 1057 confundit,
896 1007 966 1060 quae
988 990 1126 1059 originem
1147 992 1313 1062 significant.

337 1079 448 1132 Terent.
473 1079 555 1131 Andr.
578 1077 604 1143 3,
628 1079 653 1144 1,
677 1077 719 1130 11.
744 1077 843 1129 adeone
871 1084 910 1130 eet
932 1077 1060 1128 demens?
1092 1093 1125 1128 ea
1144 1083 1315 1149 peregrina?

334 1165 404 1216 Hoc.
418 1161 444 1228 i),
460 1161 486 1228 3,
504 1163 546 1216 42.
570 1164 654 1216 molta
669 1177 700 1215 ee
715 1179 764 1231 quc
777 1160 885 1228 fuerint
900 1161 1050 1226 commoda,
1075 1163 1131 1215 ciac
1147 1165 1313 1221 incommoda

335 1267 446 1318 aequum
462 1251 594 1314 estserae.
989 1259 992 1266 ’

369 1353 471 1405 Paulus
492 1350 519 1402 in
543 1348 648 1418 Digest.
672 1346 715 1413 28,
730 1345 756 1400 6.
776 1346 819 1413 38,
833 1346 858 1400 3.
884 1356 986 1401 coactae
1008 1366 1039 1402 ea
1055 1351 1313 1417 fldeieommiaean'c.

219 1481 223 1490 .
334 1435 473 1500 θαίιιε32,
489 1434 514 1499 1,
529 1434 554 1486 2.
580 1451 611 1485 ea
627 1433 690 1500 filio
709 1434 870 1502 praeterito,
896 1433 956 1486 licet
972 1451 1035 1487 ioue
1049 1435 1123 1490 derce
1140 1438 1208 1504 erit,
1229 1442 1313 1508 fidei-

276 1521 282 1550 ”
331 1521 493 1574 commiscum
506 1519 619 1586 relinqui
632 1535 685 1570 non
701 1523 795 1587 potest.

346 1639 398 1703 45.
424 1639 560 1711 Caussa,
581 1656 644 1720 qua
669 1632 789 1718 aliquid
812 1630 971 1716 efficitur,
1001 1635 1149 1704 ablativo
1164 1639 1312 1728 simplici
1365 1659 1366 1684 ¹

264 1723 471 1808 exprimitur.
513 1720 596 1784 Addi
619 1728 727 1782 autem
743 1728 851 1805 potest
869 1721 1090 1808 praepositio,
1112 1725 1170 1788 ubi
1186 1727 1312 1792 intelli·

262 1811 370 1894 gimus
394 1830 464 1871 rem
488 1805 667 1870 adhibitam
691 1826 777 1884 esse,
807 1825 848 1868 ex
872 1827 936 1953 pua
957 1818 1087 1892 agatur,
1116 1810 1311 1900 veloxque

197 1911 199 1920 ’
260 1894 395 1978 prodire
409 1891 556 1957 videatur
567 1892 613 1970 id,
629 1889 718 1976 quod
732 1890 847 1975 agitur.
888 1891 1171 1977 dinquibuadam
1190 1898 1312 1965 dictio-

261 1979 356 2045 uubuo
371 1978 519 2044 solemne
536 1987 621 2058 erat,
653 1976 688 2040 in
705 1975 774 2040 aliis
792 1986 900 2040 autem
918 1975 1048 2042 rarum.
1365 2009 1366 2014 κ

361 2099 452 2152 Plani.
473 2097 532 2150 Mil.
548 2095 573 2162 3,
588 2097 613 2161 l,
627 2095 672 2149 26.
694 2114 725 2158 ea
746 2097 837 2165 opiloni
853 2097 960 2147 marmio
976 2099 1027 2149 mei
1045 2104 1071 2150 te
1087 2099 1196 2152 Macrin
1214 2105 1311 2172 gratia

325 2184 441 2251 miliique
457 2183 561 2234 amanti
576 2183 614 2234 ire
629 2182 795 2250 opitulatum.
839 2181 925 2232 Mero.
945 2180 970 2247 1,
986 2181 1012 2245 2,
1031 2182 1055 2246 l.
1081 2200 1112 2236 ea
1126 2189 1240 2240 cummis
1254 2193 1311 2257 opt.

324 2270 371 2322 tao
390 2268 539 2334 uiribusque
559 2283 638 2335 auoque
658 2266 783 2334 experire.
817 2266 860 2318 cf.
883 2264 1007 2333 Scioppii
1025 2265 1174 2321 Verisimil.
1191 2268 1223 2335 4,
1240 2270 1267 2324 5.
1285 2281 1311 2324 et

329 2353 448 2406 Gronov.
464 2351 499 2403 ed
514 2349 676 2415 Gallione,
688 2349 715 2403 3.
750 2351 848 2402 Florus
864 2350 889 2413 l,
903 2349 929 2414 9,
945 2349 970 2401 4.
989 2368 1020 2402 ea
1036 2369 1135 2404 commo
1149 2355 1244 2417 eludia
1259 2375 1310 2407 cn-

326 2439 403 2490 niaue
419 2444 456 2488 eet
470 2437 507 2488 cd
523 2437 675 2503 aagendam
688 2436 765 2488 lidori
775 2437 870 2504 populi
882 2434 1055 2488 maiestatem.
1072 2436 1176 2489 Graeci
1192 2433 1230 2492 iae
1241 2444 1309 2492 azol-

325 2523 377 2590 λῆς
394 2519 527 2588 σπονδῆς.
561 2518 667 2586 Apulei.
689 2518 715 2570 1.
739 2537 766 2588 p.
783 2519 843 2583 198,
859 2518 901 2570 31.
918 2535 951 2570 ex
966 2537 1065 2570 commo
1086 2520 1174 2572 eladio
1192 2524 1311 2592 fugiens

324 2608 463 2660 immanem
479 2621 577 2656 orsam.
592 2603 617 2656 9.
636 2621 661 2671 p.
670 2602 730 2667 223,
741 2601 782 2654 39.
819 2603 895 2669 Apol.
913 2619 939 2670 p.
953 2601 1012 2680 321,
1022 2601 1064 2654 29.
1082 2604 1151 2671 qaod
1166 2607 1310 2675 negotium

324 2691 396 2744 istud
409 2689 475 2740 milii
490 2705 520 2740 ea
534 2687 751 2739 commicciribue
769 2687 901 2754 conflavit.
936 2687 1002 2738 Met.
1017 2687 1042 2738 2.
1062 2703 1088 2754 p.
1104 2686 1164 2751 129,
1179 2689 1208 2740 l.
1232 2695 1311 2756 sorec

323 2783 427 2826 nostrae
450 2789 482 2824 ex
506 2773 612 2824 summio
638 2771 738 2823 viridas
760 2771 898 2822 irruentes.
930 2770 984 2823 viu.
1006 2771 1114 2824 Pricoe.
1134 2789 1162 2840 p.
1187 2772 1255 2828 384.
1283 2785 1311 2830 et

324 2856 445 2912 Oudend.
461 2873 488 2923 p.
500 2853 551 2906 170
570 2860 598 2907 et
616 2873 643 2922 p.
658 2853 710 2906 493
727 2859 755 2906 et
772 2871 799 2920 p.
815 2851 874 2906 511.

357 2960 460 3012 Poetae
482 2974 562 3024 saepe
587 2957 712 3008 dixerunt
733 2973 766 3008 ex
788 2964 847 3009 orte
866 2973 916 3023 pro
940 2961 1006 3008 arte.
1033 2955 1092 3009 uid.
1117 2946 1249 3018 Gronov.
1275 2965 1310 3018 ad

323 3043 395 3098 (loll.
411 3041 442 3118 7,Λ
453 3043 479 3095 3.
506 3043 601 3095 Burm.
618 3042 653 3094 ad
669 3040 760 3095 Gratii
777 3041 880 3110 Cyneg.
899 3039 957 3092 153.
1033 3037 1034 3040 ’

358 3145 415 3199 cic.
430 3145 458 3198 iu
472 3146 549 3197 Veri.
560 3142 755 3209 Αο1.1,11,32.
783 3143 806 3194 ei
820 3149 884 3194 utor
899 3145 936 3194 od
953 3144 1089 3231 dicendam
1106 3163 1164 3200 meo
1180 3149 1309 3220 legitimo

320 3239 450 3300 tenpore,
469 3232 519 3283 mei
536 3229 650 3293 loboris,
668 3227 815 3279 industriae
830 3228 1035 3298 diligentiaeque
1051 3230 1307 3300 capicm'fraatuia,

320 3324 346 3371 el
367 3334 400 3369 ex
423 3315 587 3368 ooeueatioac
604 3311 758 3381 perficiam,
791 3318 822 3364 ut
841 3329 915 3363 nemo
940 3331 1061 3384 amquam
1080 3323 1140 3382 poet
1162 3318 1308 3376 hominum

319 3401 471 3454 memorium
486 3399 624 3466 paratior,
641 3397 814 3465 vigilantior,
832 3397 997 3463 compositior
1011 3400 1047 3450 cd
1064 3399 1193 3451 iodicium
1202 3405 1309 3456 oenim

318 3486 449 3537 videatur.
483 3481 608 3535 Ernestio
623 3485 777 3548 suspectum
791 3487 851 3532 erat
866 3497 915 3543 ex,
932 3498 984 3532 non
1001 3481 1034 3533 dc
1049 3482 1139 3535 latine
1152 3496 1307 3541 cousuetu-

320 3569 382 3620 dine
404 3567 521 3630 dictum,
548 3571 576 3619 et
598 3564 738 3632 Zumptiue
759 3580 865 3631 quoque
890 3563 1003 3617 dubitat.
1036 3566 1089 3618 Ille
1112 3569 1241 3624 coniecit
1266 3591 1306 3626 ea.

318 3656 369 3708 Est
385 3669 460 3717 vcro,
476 3649 600 3704 adhibito
614 3645 795 3704 accusatione.
830 3647 907 3702 Caes.
920 3649 952 3701 B.
969 3650 1035 3718 gell.
1047 3648 1073 3712 7,
1084 3649 1127 3704 86.
1146 3653 1208 3707 loca
1218 3673 1308 3724 prae-

163 3771 171 3785 x
222 3723 225 3738 Ι
279 3743 282 3748 ’
317 3746 398 3810 rupta
411 3756 444 3790 ex
459 3739 584 3790 adscensu
598 3739 709 3786 tentant.
727 3731 746 3784 i.
757 3749 780 3784 e.
798 3732 993 3786 edocendeudo.
1028 3734 1124 3788 Morus
1136 3739 1306 3809 coniungit:

229 3825 232 3834 ’
317 3831 477 3892 praeruptus
495 3839 528 3873 ex
547 3819 685 3872 adscensu.
703 3848 706 3854 ,

350 3924 444 3978 lustin.
460 3891 486 3990 d,
500 3923 526 3989 3,
541 3923 567 3975 2.
592 3939 639 3984 nec
659 3937 712 3972 aon
734 3925 759 3972 et
782 3917 871 3970 Conon
887 3925 951 3972 tunc
965 3919 1079 3987 primum
1100 3938 1161 3975 canu
1182 3925 1307 3978 hostiam

315 4011 428 4063 eameita
451 4023 620 4062 concursuras
647 4021 680 4055 ex
702 4019 806 4071 magno
828 4020 893 4056 cura
915 4005 1023 4057 ordinat
1042 4021 1111 4057 enoc.
1145 4006 1193 4060 Ita
1220 4009 1305 4061 codd.

316 4093 407 4148 nescio
425 4110 459 4146 nn
474 4098 549 4146 recte
564 4090 591 4142 in
606 4091 660 4142 hoa
679 4087 789 4156 quidem
807 4085 947 4154 scriptore.

331 4213 384 4275 46.
407 4208 471 4274 Sed
494 4229 606 4275 caussa
623 4227 691 4272 ease
710 4213 821 4293 potest
843 4225 912 4270 non
933 4205 1105 4292 proxima,
1133 4208 1194 4275 aed
1214 4233 1307 4298 quae
