2852 4736
601 331 775 458 Dvuttu.
1142 396 1211 474 299

224 545 372 602 diiudicata
386 543 438 601 erit
450 546 523 602 laec.
540 544 589 600 ubl
604 547 714 616 qnidam
727 545 897 604 6666666616
909 561 980 602 ¹erun
1012 545 1068 604 866
1082 548 1147 606 libr.
1164 550 1209 612 18.

224 651 252 704 1».
264 631 324 686 utu.
344 633 464 687 donicum
480 651 523 686 rer
538 634 686 686 diiudicata
700 634 742 686 sit.
769 633 817 686 nbi
833 631 1020 692 coniunctivae
1034 651 1051 687 a
1065 636 1209 694 Petreiano

225 717 379 787 snpposltus
413 717 523 780 videtur
556 733 624 772 esse.
680 719 811 774 Krelrlius
825 797 826 802 ἵ
842 725 946 772 umere
983 721 1101 782 mutarit
1127 723 1209 782 illum

143 808 150 846 i
204 803 324 858 ¹·ionunr.

197 921 202 930 ·
261 893 330 962 Gelo
346 909 380 960 de
395 909 438 960 lle
452 925 475 961 r.
489 906 549 971 161,
565 906 591 960 d.
614 925 694 976 usque
711 908 904 976 licelitoellns,
933 909 1054 964 donicum
1073 911 1103 964 in
1121 930 1210 986 semea

142 1000 146 1010 “
223 994 322 1050 videris
338 995 385 1047 ire.
418 992 479 1068 146,
494 993 520 1050 8,
556 993 590 1052 ci,
617 992 676 1059 146,
694 993 720 1052 2.
739 993 835 1063 ibique
851 997 952 1050 llleurs.

144 1085 147 1094 ’
260 1097 339 1167 Apud
355 1091 509 1161 11666616,
519 1093 596 1150 1116.
613 1103 641 1150 et
655 1096 680 1163 6,
690 1095 749 1154 722.
769 1097 874 1169 antiqui
892 1098 956 1151 libri
970 1097 1074 1154 hebent
1088 1102 1208 1172 denique,
1297 1149 1306 1176 ,

225 1199 280 1244 non
302 1183 424 1237 donicum
448 1181 482 1234 eh
509 1180 659 1234 editoribus
682 1183 791 1236 lictum:
822 1185 847 1251 1,
868 1183 944 1238 1166.
971 1181 997 1249 6,
1023 1183 1082 1238 686.
1105 1194 1132 1241 et
1147 1187 1208 1243 166.

142 1317 147 1324 ,
227 1267 318 1322 donee.
351 1264 470 1320 661666
486 1267 594 1340 Cornell.
612 1267 760 1334 Hem.l‚4.
782 1268 839 1321 dixi
853 1288 879 1338 p,
887 1268 929 1322 18.
958 1269 990 1322 In
1007 1269 1125 1324 vitruvii
1140 1273 1210 1328 loeis

148 1358 151 1368 ’
227 1347 254 1422 6,
268 1349 295 1416 6,
309 1348 334 1410 6.
349 1349 387 1422 (6,
403 1351 542 1419 116616,
560 1352 585 1417 1,
603 1351 657 1427 (4,)
673 1352 714 1406 11.
736 1354 844 1408 codices
858 1371 911 1408 non
928 1353 1059 1409 exhibent
1075 1358 1206 1424 donicum,

227 1433 276 1487 sed
290 1435 415 1506 deniqne,
441 1436 513 1504 qnod
525 1437 683 1496 mutandum
699 1439 908 1502 6611666666,
944 1438 1118 1516 seripserunt
1134 1442 1208 1506 enirn

187 1574 190 1582 ,
225 1520 346 1594 densique.

150 1655 156 1665 ·
259 1621 339 1702 ¹Ap'nd
354 1622 478 1679 Scrihon.
494 1623 617 1694 Largum
633 1624 726 1692 uonp.
742 1625 812 1684 med.
830 1613 881 1679 48.Ι
895 1627 975 1684 donec
989 1646 1069 1698 qnam
1083 1630 1209 1686 videatur

204 1715 305 1778 ¹petor
322 1708 428 1760 narium
453 1699 606 1762 66666ῑί666
628 1712 744 1778 quodam
769 1697 885 1781 occipere
904 1730 979 1781 posse
994 1701 1127 1780 fistulam‘.
1160 1721 1221 1770 aul*

140 1845 145 1864 .
224 1790 293 1844 vitio
312 1792 421 1844 laboret
443 1793 533 1846 oratio
557 1792 714 1862 inelegans,
741 1803 789 1849 aut
804 1789 983 1858 omittendum
1000 1806 1041 1856 est
1055 1818 1150 1870 66166,
1176 1807 1208 1862 ui

221 1875 318 1939 'omisit
332 1877 483 1938 Marcellus
500 1877 531 1932 in
548 1877 676 1956 epitome,
1099 1879 1103 1890 “

548 2128 807 2248 evovae.

240 2367 376 2438 Dvnvn
392 2395 434 2438 ex
451 2371 512 2438 diu
530 2369 613 2436 dum
630 2370 756 2435 factum
774 2393 842 2435 esse
856 2393 970 2438 omnes
987 2376 1208 2441 consentiunt.

156 2453 240 2522 Nam
267 2457 374 2523 littera
393 2460 407 2523 i
431 2457 526 2536 facile
549 2458 777 2544 supprimitur,
803 2458 885 2522 sicut
901 2460 932 2522 in
947 2460 1115 2524 vocabulis
1133 2459 1209 2524 oal-

158 2563 276 2623 neum,
311 2555 446 2632 tegmen
472 2554 502 2608 et
528 2543 596 2607 aliis
625 2543 748 2606 multis.
801 2543 865 2607 Sed
897 2545 1068 2626 nonnulli,
1104 2567 1208 2632 quum
1324 2555 1327 2563 ‘

156 2628 311 2693 vidissent
330 2653 396 2693 non
415 2651 547 2716 semper
562 2629 700 2716 longum
719 2640 848 2718 tempus
867 2629 1022 2718 intelligi,
1055 2631 1111 2694 sed
1131 2643 1210 2718 pan-

157 2735 237 2779 vum
261 2726 294 2780 et
317 2717 530 2803 proximum,
574 2715 634 2778 din
659 2738 721 2803 pro
745 2713 801 2780 die
828 2709 889 2780 dici
915 2716 1145 2795 existimabant
1168 2715 1209 2781 de

157 2799 250 2866 brevi
274 2804 391 2888 spatio.
442 2803 526 2866 Ante
551 2801 662 2866 omnia
688 2823 765 2867 vero
790 2803 954 2888 respicere
978 2803 1141 2866 debebant
1167 2803 1208 2866 ad

159 2887 346 2976 ambiguam
371 2897 521 2953 naturam
544 2887 634 2952 verbi
661 2887 739 2966 din,
773 2889 860 2974 quod
888 2889 1044 2976 qnoniam
1073 2890 1209 2977 proprie
1287 2903 1296 2911 '

155 2993 224 3038 non
242 2975 398 3072 longum,
428 2975 483 3038 sed
503 2973 634 3059 aliquod
650 2985 798 3060 tempus,
829 2975 902 3039 eine
923 2974 976 3038 W
974 2976 1055 3055 eile,
1080 2973 1212 3065 signifi7

157 3070 242 3140 cat,
270 3070 367 3128 ettam
394 3058 565 3145 despatio
594 3081 662 3122 non
686 3061 787 3144 longo
820 3060 883 3124 diei
903 3070 1037 3146 potest.
1097 3063 1209 3140 Quare

157 3144 308 3211 Donatus
330 3145 370 3210 nd
387 3140 522 3212 'serent
560 3145 659 3210 Andr.
687 3152 718 3226 3,
742 3147 774 3222 lt,
796 3149 836 3209 8..
858 3144 1020 3210 adverbia
1044 3146 1208 3230 temporie

157 3241 442 3305 nutcertasnnt,
478 3241 516 3294 nt
532 3229 651 3302 hodie,
687 3253 786 3294 cras:
812 3230 1053 3309 6616666616,
1083 3241 1120 3294 ut
1144 3230 1208 3292 dn-

158 3315 259 3396 dum,
280 3339 323 3380 nu
348 3331 399 3380 er.
443 3314 564 3404 Itaque
587 3315 725 3378 incertis
747 3327 876 3381 cerlrrm
899 3313 1044 3380 additur
1065 3326 1207 3399 tempus,

157 3413 196 3466 nt
213 3403 287 3469 iem
306 3340 447 3478 cilitium,
469 3423 559 3468 6666
575 3422 693 3486 nuper.
735 3399 776 3464 Et
800 3399 979 3466 Priscianus
1003 3401 1053 3465 15.
1079 3402 1123 3487 (5,
1141 3400 1207 3483 28.)
1233 3479 1235 3482 Ι
1261 3409 1263 3414 ’

157 3509 193 3574 p.
218 3492 312 3554 1018.
337 3487 468 3557 dudum
499 3488 532 3554 in
566 3486 753 3549 communia
787 3486 988 3551 diversorum
1018 3496 1209 3572 temporum
1253 3493 1256 3496 ’

160 3571 301 3656 refertffi
326 3576 434 3659 ¹atque
459 3569 705 3656 distinguendae
735 3583 811 3634 sunt
839 3583 958 3637 aetates
980 3593 1069 3636 usus.
1122 3572 1209 3636 Nam

156 3660 283 3746 antiqui
299 3659 477 3746 scriptores
494 3677 610 3740 omnes
634 3655 698 3720 hoc
716 3657 912 3720 vocabulum
932 3657 1135 3743 usurpabant
1154 3658 1209 3736 ita,

152 3755 196 3810 ut
211 3755 343 3832 tempus
361 3741 492 3830 aliquod
512 3743 705 3827 antecedens
728 3763 797 3806 non
818 3743 900 3806 adeo
923 3742 1061 3829 longum
1085 3741 1209 3818 intelli-

158 3842 310 3914 geretur,
334 3831 397 3894 nisi
414 3830 602 3893 accederent
627 3828 687 3897 alia
711 3828 826 3908 verba,
850 3849 933 3914 quae
948 3849 1081 3892 sensum
1098 3838 1210 3892 muta-

158 3926 245 3983 rent.
291 3916 378 3980 Haec
401 3924 478 3992 sunt
499 3913 611 3993 6666,
656 3937 737 3978 nam
762 3922 794 3978 et
816 3913 907 4001 iem,
940 3914 1057 3999 quibus
1084 3913 1210 3981 exsistit
1248 3911 1251 3920 ⁴
1302 3917 1308 3927 '
1408 3895 1410 3934 ²

160 4001 382 4068 diuturnitatis
406 4001 511 4064 notio.
563 4001 673 4064 Medio
700 4019 779 4064 aevo
804 4000 908 4077 ratio,
940 4019 1021 4084 quse
1047 4009 1141 4062 antea
1168 3995 1209 4060 ad

157 4095 290 4175 ternpus
308 4087 500 4152 antecedens
519 4083 736 4166 referebatur,
770 4086 868 4148 etiam
891 4084 1036 4170 tempori
1058 4083 1210 4167 sequenti

158 4173 407 4238 accommodata
423 4183 489 4252 est,
503 4182 540 4235 ut
556 4170 703 4247 dudum,
718 4171 809 4258 quod
825 4180 896 4237 erat
910 4169 1009 4252 eben,
1025 4179 1209 4257 poneretur
1227 4229 1230 4237 .

136 4275 221 4346 *pro
236 4257 351 4348 paullo
364 4268 461 4348 post,
481 4279 581 4342 mox,
604 4257 777 4324 continuo.
883 4311 889 4326 ,
919 4304 922 4318 .

655 4401 758 4478 &⁹⁶¹9

652 4481 667 4506 ,
750 4465 769 4500 4

649 4510 767 4560 ‚errem

660 4578 759 4654 bom&
