2802 4744
457 355 603 428 claci.
648 355 828 428 ctacvnl.
1128 367 1170 434 bt

195 524 289 576 vitato
300 522 372 576 ιιιίιιι·
386 519 479 591 legati.
514 513 645 588 Sigonius
665 522 693 570 at
705 511 850 570 lioniutiur
870 529 1000 584 pascam
1013 512 1171 587 termulum,

197 625 251 677 qua
268 607 294 661 oi
314 609 379 675 aspi
403 601 542 680 ilicitanae
565 618 616 672 pro
640 601 700 669 ipso
720 597 835 654 Platone
858 599 975 664 dicitur,
1000 602 1035 654 ad
1058 605 1170 660 butino·

193 688 353 746 translatam
369 695 507 760 putarunt.
543 689 624 740 Ilaec
646 697 713 738 vcro
737 687 872 748 insulula,
891 701 975 752 quum
996 687 1170 754 grammatici

194 797 246 832 non
261 785 337 832 recte
354 773 521 848 pleonnsrn'is
538 767 720 826 adnumerant
743 777 855 823 anctore
872 771 1046 836 Hermanno,
1065 776 1171 830 abuti.

132 883 135 888 ·
194 863 236 916 nis
251 862 366 918 tractari
388 859 464 912 nullo
485 863 567 924 pacto
588 861 698 922 potarat
711 849 753 906 'ab
778 855 916 906 deiectum
936 855 1061 923 articuli,
1082 875 1171 929 nequo

192 951 264 1018 apud
279 949 353 1018 ipsos
368 943 515 1010 scriptores
532 937 701 991 ituitntionis.
711 938 799 989 ullum
813 945 911 1012 *exstat
924 939 1080 1010 vestigium.
1115 946 1173 999 Ab.

195 1035 280 1089 surda
303 1037 346 1082 cst
368 1019 495 1080 Turnebi
514 1023 673 1078 coniectura
693 1039 707 1076 e
728 1023 798 1074 cirea
818 1029 984 1092 praetorem,
1001 1044 1088 1100 neque
1109 1046 1173 1084 con.

196 1117 276 1185 iungi
298 1117 412 1182 possunt
429 1107 515 1162 verba
540 1107 627 1180 iegati
645 1099 714 1159 circa
733 1115 891 1175 praetorem.
925 1108 1061 1187 liquidam
1075 1127 1174 1174 namn„

195 1198 330 1273 praetoris
343 1211 360 1248 a
375 1189 512 1262 librariis,
530 1195 579 1265 qui
594 1190 789 1264 praepositioni
809 1198 837 1250 id
859 1199 1013 1262 addendum
1035 1204 1176 1258 existima-

191 1289 279 1350 rent,
301 1276 447 1344 insertum,
469 1280 631 1350 integraque
646 1281 731 1338 verba
744 1299 802 1338 esse
816 1290 882 1354 puto
896 1286 984 1342 baras
1001 1289 1072 1344 cirea
1087 1289 1125 1344 ad
1138 1291 1176 1344 ti-

142 1427 148 1434 ,
204 1371 298 1426 vitatos
314 1371 402 1436 musi,
420 1366 460 1426 uti
476 1365 508 1436 1,
526 1361 576 1437 li,
590 1365 616 1425 d.

237 1473 339 1526 Tibnll.
357 1473 388 1539 1,
404 1473 437 1540 3,
452 1474 495 1528 Bi.
513 1491 545 1528 ac
560 1473 629 1526 eirca
642 1463 771 1544 gravibus
782 1465 872 1543 peanis
887 1473 975 1544 affixa
987 1475 1080 1549 puelia
1094 1483 1177 1554 pant.
1278 1445 1285 1466 ⁸

200 1557 275 1610 latim
292 1562 466 1626 somnosessa
490 1557 609 1613 remittat
630 1576 704 1630 opas.
738 1557 777 1610 lo.
801 1559 887 1614 Henr.
904 1563 1013 1617 Verrius
1031 1573 1109 1622 reete
1127 1587 1178 1622 no-

197 1643 267 1699 tavit
283 1661 333 1711 per
355 1643 426 1698 cisoa
437 1639 794 1714 ·signilicori.'vioinitatem
817 1655 870 1696 non
894 1647 1054 1717 delinitam,
1069 1653 1127 1706 tabr
1144 1651 1181 1706 de

195 1745 249 1781 uuo
269 1727 381 1780 homine
397 1745 478 1797 quam
495 1729 528 1782 de
543 1727 675 1798 pluribus.
709 1722 946 1797 Wundarliebiut,
965 1749 1048 1802 quum
1062 1737 1178 1793 vidisset

196 1831 214 1868 a
234 1813 378 1866 lluschlrio
400 1811 555 1883 comparari
576 1813 684 1879 locum,
710 1811 739 1866 in
763 1826 816 1881 quo
842 1809 974 1870 Seleucus
997 1815 1069 1888 apud
1089 1822 1177 1876 Atlio-

195 1917 297 1952 noenm
318 1899 344 1952 6.
367 1898 475 1968 pata.
500 1917 523 1950 c.
557 1891 718 1966 ἀμφίπολον
739 1889 936 1968 interpretatur
964 1898 1018 1974 τήν
1037 1903 1102 1976 aspi
1124 1905 1177 1979 τήν

197 1983 350 2040 δέσποιναν
369 1977 564 2052 θεράπαιναν,
583 1989 676 2037 monet
699 1978 770 2036 baec
791 2003 827 2037 ex
851 1979 926 2040 vitiis
948 1995 1103 2046 nostrerum
1124 1994 1177 2048 lin.

195 2087 316 2140 guarum
340 2067 475 2126 iudicaris
500 2067 610 2120 Latino·
632 2081 700 2122 vero
724 2087 777 2122 nan
803 2069 932 2124 imitator·
954 2091 1013 2128 esse
1044 2089 1176 2146 ςιιιιιοιιιιι

196 2172 277 2208 usum
293 2160 321 2207 et
343 2153 566 2212 carcassonam
588 2153 716 2225 usurpari
738 2171 792 2206 non
815 2154 868 2208 nisi
890 2156 924 2209 de
942 2160 1082 2228 pluribus,
1102 2167 1132 2215 et
1152 2161 1177 2214 ri

199 2241 308 2311 quaudo
324 2232 491 2292 contrarium
509 2232 670 2296 observatur
689 2240 718 2292 in
732 2241 950 2309 praepositione,
968 2243 996 2296 id
1016 2261 1070 2299 non
1090 2243 1179 2316 perti-

198 2344 266 2380 nere
281 2326 315 2380 sd
337 2319 506 2379 adverbium.
541 2323 620 2376 llaec
637 2341 747 2392 prorsus
770 2325 874 2378 absona
896 2321 1075 2396 veliementer
1092 2320 1181 2382 milon

200 2429 217 2464 a
239 2411 300 2466 viro
320 2408 443 2477 alioquin
460 2403 595 2460 laudabili
613 2403 698 2460 scribi
713 2405 841 2474 potuisse.
884 2409 940 2459 Sed
959 2405 1080 2462 Baebius
1099 2411 1182 2466 otl'ert

195 2487 417 2550 Dmlenborchii
441 2497 469 2544 ct
492 2486 714 2554 Dubcri'libros‚
736 2489 765 2541 in
781 2485 878 2558 quibus
894 2487 976 2560 longe
991 2491 1047 2544 alia
1068 2493 1181 2547 demon-

204 2588 328 2634 strantur.
375 2571 441 2629 Etsi
461 2568 644 2646 grammatica
667 2560 739 2628 ratio
769 2584 822 2626 non
847 2568 1033 2642 subvenisset,
1060 2576 1183 2633 riderem
1207 2601 1210 2606 ·

206 2673 312 2734 poetam
332 2670 361 2717 et
375 2661 528 2732 imaginem
539 2662 578 2714 ab
595 2676 628 2714 eo
645 2659 827 2728 descriptam,
844 2653 873 2716 in
896 2679 951 2731 qna
971 2661 1072 2718 multas
1094 2662 1182 2716 aucil-

183 2741 185 2748 ’
206 2749 246 2802 las
265 2745 501 2803 circa-dominam
523 2755 616 2804 rotano
634 2753 776 2818 oppressas
791 2740 955 2801 videremus.
998 2746 1140 2814 Proiecto,
1158 2747 1183 2803 ei

203 2837 297 2906 plures
319 2841 423 2916 assent,
447 2833 566 2905 garndis
581 2828 750 2886 sermonibus
768 2843 892 2888 somnum
914 2831 1088 2904 depulissent.
1124 2833 1182 2888 Ta-

204 2938 268 2974 men
280 2920 373 2990 Vulpii
391 2920 600 2988 explicationem
621 2913 782 2972 collectivae
800 2912 923 2984 dictionis
945 2917 1074 2990 probavit
1096 2917 1181 2974 ctiam

131 3063 135 3072 ,
202 3005 372 3059 Lachmann.
386 3005 424 3058 'ad
437 3005 563 3074 Propert.
576 3015 603 3074 p.
618 2999 678 3056 23⁸1.
713 3004 835 3058 Alienos
850 3009 891 3058 est
903 3006 974 3075 apud
990 3001 1098 3074 Apulei.
1114 3003 1181 3062 Mat

202 3089 230 3144 2.
248 3108 275 3158 p.
292 3087 352 3142 125.
380 3105 458 3160 paam
472 3095 578 3158 seponto
592 3091 662 3141 intro
678 3105 771 3158 repens
792 3085 903 3140 mustela
918 3085 988 3142 circa
1002 3101 1042 3144 aaa
1059 3087 1183 3157 constitit,
1290 3121 1292 3129 ν

205 3169 375 3242 obtutumque
393 3162 549 3227 acerrimum
572 3173 601 3224 ia
628 3189 670 3224 mc
690 3168 816 3226 destituit.
843 3165 891 3224 ubi
910 3169 982 3226 bene
1005 3179 1184 3228 correxerunt

204 3267 300 3311 contra
329 3255 397 3311 nte.¹
427 3259 523 3330 Neque
547 3256 667 3315 conferri
689 3263 790 3340 potest!
807 3256 973 3313 Albinovani
993 3259 1069 3314 locus
1101 3275 1184 3330 supra

204 3363 234 3416 p.
249 3343 292 3398 56.
310 3343 418 3410 allatus·

157 3503 164 3514 '
222 3499 254 3564 5.
286 3496 437 3588 Denique
455 3517 555 3586 quum
571 3518 615 3564 ex
636 3492 754 3564 vicinio
777 3491 847 3584 ipsc
870 3489 937 3560 loci
953 3490 1033 3560 situs
1057 3516 1185 3586 coguo-

104 3621 113 3634 =
132 3593 260 3662 santur,
279 3585 417 3671 ponitur
430 3587 521 3650 circa
532 3607 595 3673 pro
606 3583 655 3650 ad
665 3585 717 3654 vel
731 3582 836 3670 apud,
852 3588 885 3648 et
900 3579 981 3644 hoec
996 3585 1108 3648 omnis
1122 3607 1185 3670 pro

133 3670 188 3735 in.
239 3669 437 3758 lutelligitur
463 3672 551 3750 enim
574 3671 688 3758 regio,
717 3669 751 3732 in
778 3690 842 3756 qua
861 3677 950 3732 terro
974 3668 1029 3734 vel
1048 3687 1100 3732 res
1125 3670 1187 3736 sita

135 3766 200 3836 est,
222 3767 256 3820 et
274 3757 345 3844 ipso
362 3755 691 3830 haecterrovelrcs.
724 3755 938 3822 'Medicorum
955 3753 1126 3840 peculiaris
1139 3764 1188 3820 est
1249 3795 1253 3802 ·

136 3863 240 3918 usus,
264 3863 331 3928 qno
350 3844 464 3917 vitium
480 3854 512 3910 et
525 3843 684 3908 morbum
702 3863 771 3908 esse
796 3841 908 3921 dicunt
933 3840 1020 3906 circo
1044 3839 1188 3928 aliquam

135 3928 296 4019 corporis
311 3937 453 4016 pultem.
629 3928 632 3934 ’
1282 3933 1286 3940 “

242 4047 382 4104 'Martial
399 4051 450 4118 12,
465 4047 514 4114 Sd,
532 4049 557 4103 1.
576 4050 694 4120 effugere
708 4047 737 4101 io
756 4045 865 4100 thermis
886 4051 912 4101 ct
933 4042 1004 4100 circa
1025 4041 1120 4100 balnea
1135 4063 1189 4098 non

212 4140 254 4186 ast
277 4134 451 4204 Menogenes..
498 4133 574 4188 Cart.
596 4132 677 4202 ab,
693 4133 719 4186 1.
754 4133 939 4198 dubitaverat,
965 4118 1088 4186 utrumne
1117 4133 1188 4185 circa

215 4219 434 4291 Mesopotamiam
452 4221 619 4288 absisteret,
635 4233 673 4276 ao
685 4219 818 4276 interiora
830 4217 964 4290 mgai'ooi
975 4219 1083 4288 peteret.
1097 4212 1101 4218 ’
1116 4216 1191 4274 t'lln.
