2782 4730
597 342 670 410 Ex.
1085 346 1149 414 611

157 555 168 572 ,.
191 505 231 570 8.,
247 497 504 582 componuntnr
519 515 596 568 eum
612 491 674 557 hnc
691 491 934 579 praepositione
942 465 1147 644 rerbapui·

110 587 215 670 ipsam
233 587 267 648 in
287 581 481 658 sehabent,
502 580 601 644 veluti
624 578 778 652 educere,
804 578 943 664 egredi,
973 581 1148 666 expelere.

110 670 174 743 Sed
192 671 288 734 etiam
309 667 494 734 vertacum
512 663 758 754 praepositione
782 667 830 726 ad
854 664 988 748 aliisque
1005 688 1148 752 compo-

111 751 170 818 sita
195 756 375 840 iunguntur
399 771 472 812 cum
498 749 685 819 nominibus
711 769 772 834 per
796 750 1073 834 praepositionem
1096 775 1149 830 ee,

110 840 208 904 veluti
222 834 422 926 exfloribus
439 830 585 922 afflare.-
611 833 650 896 de
667 854 729 919 qun
746 855 780 895 rc
799 833 885 896 conf.
899 833 1149 900 Drakenborch.

111 923 196 1012 ¹apud
215 920 398 990 Gernhnrd.
419 919 457 982 ad
478 919 545 983 Cic.
564 917 604 982 de
619 921 747 983 Senect.
764 922 813 997 17,
829 919 881 982 59.
906 918 997 982 Caes.
1014 919 1054 982 de
1070 919 1150 985 Bell.

109 1009 183 1096 gall.
207 1015 239 1084 7,
264 1009 316 1072 45.
352 1025 518 1090 magnum
539 1025 714 1068 numerum
737 1041 781 1052 -
804 1005 971 1068 malorum
988 1004 1149 1090 produci,

110 1117 190 1184 equ-e
213 1095 256 1158 iis
279 1099 470 1156 stramenta
490 1089 637 1154 detrudi.
1140 1101 1143 1114 ·

193 1215 224 1276 4.
263 1211 348 1274 Sunt
373 1207 702 1285 verbaetnomian‚
745 1228 826 1290 quac
849 1218 880 1270 et
905 1231 945 1271 ex
970 1206 1066 1271 etde
1089 1208 1150 1273 sihi
1204 1228 1208 1232 ·

110 1295 287 1384 adiungant
311 1294 353 1358 ob
375 1295 479 1382 ipsam
500 1317 609 1358 rerum
635 1303 784 1356 naturam
810 1314 881 1356 curn
907 1293 1074 1378 utriusque
1097 1316 1149 1356 ro·

109 1383 200 1444 tione
218 1380 474 1465 convenientem.
519 1380 571 1442 Sic
597 1380 716 1471 dicitur
739 1402 755 1442 e
781 1378 850 1442 rita
873 1378 1031 1442 excedere
1055 1377 1149 1442 etde

110 1466 182 1532 rita
198 1463 373 1532 excedere:
394 1465 515 1550 dequo
533 1463 621 1528 conl.
641 1465 796 1527 Garatoa.
820 1463 858 1525 ad
883 1464 951 1528 Cic.
971 1461 1052 1527 Phil.
1070 1469 1101 1538 2,
1117 1468 1148 1526 6.

109 1545 319 1616 Βεσειίἰίτὶε
333 1549 538 1634 provincia,
571 1551 626 1634 qui
649 1548 871 1634 magistratum
892 1549 1059 1634 deposuit,
1090 1548 1148 1612 sed

111 1635 244 1700 decedit
265 1635 514 1718 exprnrinoin,
545 1636 688 1719 quicum
712 1633 879 1719 relinquit.
910 1634 977 1697 Cic.
999 1634 1038 1697 ed
1057 1633 1146 1696 Fam.

110 1726 208 1799 2,ll‚
232 1726 263 1785 3.
307 1718 363 1783 Ex
385 1720 497 1806 aliquo
524 1718 633 1784 delere
654 1718 790 1795 dicitur,
825 1741 925 1803 quum
952 1740 1003 1782 res
1029 1720 1060 1782 in
1087 1720 1149 1784 alia

111 1808 298 1871 continetur
317 1815 348 1868 et
368 1806 452 1868 intra
469 1827 542 1868 eam
559 1815 617 1866 est.
662 1805 773 1882 Quare
788 1804 870 1868 bene
889 1803 1041 1868 iudicavit.
1060 1803 1149 1868 Mat-

109 1889 196 1955 thiae
221 1892 260 1954 acl
288 1892 354 1954 Cic.
377 1911 411 1976 p.
436 1892 526 1954 Sext.
546 1895 595 1964 19,
611 1890 662 1952 44.
690 1910 759 1952 non
783 1890 845 1954 dini
870 1913 967 1978 posse
985 1901 1148 1953 senatum

110 1979 128 2039 e
144 1977 282 2040 civitate
298 1974 427 2054 delere,
450 1976 504 2037 sed
528 1974 570 2036 de
587 1973 735 2036 civitate.

211 2096 308 2146 Horat.
324 2094 381 2146 Sat.
396 2090 422 2156 1,
435 2093 460 2156 l,
476 2089 519 2145 55.
545 2109 643 2161 magno
664 2092 697 2142 de
708 2091 820 2157 flamine
839 2091 930 2142 malim
950 2109 1026 2160 mom
1050 2110 1081 2146 er
1101 2095 1149 2147 loe

174 2177 304 2244 fonticulo
318 2177 479 2229 tantumdem
493 2191 599 2229 camere
629 2175 700 2227 Illud
711 2174 828 2227 sumitur
847 2175 880 2228 tle
893 2177 1036 2244 superficie
1050 2193 1146 2247 aquae,

178 2263 231 2314 hoc
247 2279 280 2314 ex
295 2260 386 2313 lando.

122 2367 125 2378 ⁴
161 2345 164 2354 ’
204 2365 290 2416 1155]
317 2359 472 2432 significant
490 2363 597 2415 neriam
621 2364 653 2415 de
674 2364 751 2416 oeric
777 2377 921 2430 expressum
943 2364 1013 2432 apud
1037 2365 1148 2420 Terent.

179 2451 229 2518 Λᾶ.
252 2448 325 2501 Prol.
345 2447 386 2500 10.
413 2451 566 2500 etcertum
592 2465 606 2500 e
630 2449 706 2501 cerlo
730 2449 872 2516 exprimere
893 2449 962 2514 aparl
984 2448 1041 2501 cte.
1063 2451 1146 2504 Acuti.

90 2589 93 2595 ,
180 2533 269 2598 21⁰,
293 2532 336 2584 31.
370 2534 441 2586 unde
474 2533 596 2601 ellipticn
620 2531 738 2585 formula
777 2533 884 2584 neriam
916 2549 930 2584 e
960 2535 1046 2587 cerlo.
1090 2533 1147 2588 cte.

182 2619 250 2684 Tap.
268 2616 294 2681 Β,
309 2615 351 2670 35.

197 2719 227 2782 5.
250 2717 287 2781 15
306 2720 456 2783 universa
479 2719 538 2783 hnc
558 2719 764 2804 expositione
787 2719 865 2784 illud
887 2718 1064 2784 tenendum
1088 2731 1147 2802 cst,

113 2801 231 2867 multas
248 2826 314 2867 esse
328 2805 556 2892 loquutiones‚
581 2805 614 2868 in
633 2805 748 2890 quibus
767 2808 968 2890 grammatici
986 2806 1032 2868 vel
1051 2827 1147 2868 catis-

114 2890 214 2954 salem
233 2891 280 2952 vel
303 2889 463 2978 temporis
487 2891 660 2953 notionem
682 2893 883 2978 suppositam
910 2891 1147 2969 existimarunt,

114 2975 248 3038 aliarum
269 2975 453 3060 linguarum
470 2998 527 3040 usu
549 2987 757 3060 comparato,
786 2977 908 3040 etiamsi
935 2978 1041 3040 omnis
1065 2977 1147 3039 ratio

115 3060 234 3124 averbi
258 3059 348 3123 latini
371 3073 505 3130 natura.
534 3083 615 3146 quae
631 3061 869 3146 progressionis
893 3063 943 3128 vel
961 3063 1148 3149 promotio-

113 3147 162 3210 nis
190 3155 257 3222 est,
286 3146 419 3231 regitur.
473 3147 525 3209 Sin
550 3146 637 3231 quod
663 3157 707 3210 eet
730 3145 815 3231 apud
840 3147 966 3212 Liviam
992 3147 1023 3226 4,
1045 3149 1096 3228 47,
1118 3153 1147 3210 1.

113 3230 302 3294 transierat
332 3253 371 3293 en
405 3252 441 3294 re
468 3229 548 3294 bene
567 3241 669 3316 gestu
691 3230 848 3316 superbia
870 3231 1147 3319 negligentiaque

114 3315 163 3380 ud
194 3315 343 3402 Aequos.-
387 3315 644 3401 interpretantur
674 3328 755 3402 post
788 3339 860 3382 rem
891 3317 969 3392 bene
999 3327 1146 3402 gestam.

113 3399 239 3466 'famen
274 3401 395 3489 pendet
427 3401 626 3488 praepositio
657 3423 674 3464 e
704 3402 802 3464 verbo
833 3403 990 3466 transire.
1046 3401 1147 3466 Plaut.

114 3485 215 3553 Most.
236 3492 264 3562 1,
283 3494 311 3567 1,
327 3487 378 3552 54.
402 3485 496 3550 miles
513 3485 568 3549 dic
582 3485 717 3572 reliquit
732 3485 933 3573 symbolam,
957 3509 1149 3572 expressam

115 3571 300 3636 inseruere
316 3573 443 3637 anntdo
467 3593 565 3634 stram
586 3571 784 3658 imaginem.
827 3572 923 3660 idque
947 3572 989 3635 ob
1013 3572 1148 3636 verbum

117 3657 312 3741 exprimere.
354 3659 426 3722 Hoc
446 3657 485 3722 de
506 3657 614 3721 multis
628 3659 728 3722 semel
754 3659 795 3721 sit
819 3659 993 3722 monitum.
1035 3657 1149 3722 Unum

117 3741 233 3804 addam
251 3744 318 3808 Cic.
335 3742 375 3808 de
392 3745 461 3810 Fin.
478 3749 509 3820 2,
527 3748 579 3818 26,
598 3748 647 3808 83.
669 3743 803 3806 sianlla
820 3746 950 3808 caritas
968 3743 1047 3818 erit,
1063 3764 1148 3828 qrrue

112 3823 227 3914 faciat
251 3829 476 3894 amicitiamr‘
518 3853 576 3893 um
600 3852 663 3891 stru
690 3839 825 3913 sponte,
865 3828 896 3892 vi
917 3849 979 3892 crta
998 3851 1038 3890 ex
1058 3850 1092 3889 ee
1116 3837 1149 3890 et

110 3923 254 3997 propter
270 3935 305 3974 re
323 3853 555 4002 eirpetentiiim,
575 3913 711 3979 dubiam
727 3924 786 3993 en,
803 3916 883 4002 qttin
894 3911 1026 4000 flendos
1042 3923 1076 3977 et
1090 3913 1148 3976 in-

116 3995 210 4061 sitlos
226 3999 346 4060 amicis
365 4015 620 4088 anteponamus.
663 4002 784 4067 Dicunt
806 4025 846 4066 ex
866 4023 900 4064 ne
923 4019 991 4064 esse
1010 4009 1150 4086 propter

117 4105 164 4147 se.
205 4084 247 4145 At
269 4083 406 4150 amicitia
429 4110 469 4150 ex
494 4109 527 4150 se
553 4087 735 4173 expetenda
758 4096 822 4160 est,
855 4108 937 4173 quoe
953 4107 1023 4148 non
1040 4087 1071 4150 in
1089 4083 1149 4148 alia

117 4189 175 4251 re,
203 4167 261 4234 ned
289 4169 325 4234 in
351 4192 387 4236 se
409 4171 480 4258 ipsa
504 4194 651 4238 caussam
681 4195 773 4240 sunm
795 4173 904 4238 habet.
954 4169 1022 4253 Qui
1048 4169 1149 4236 hodio
