2782 4730
251 377 315 440 636
706 363 778 430 ΕΧ.

253 549 321 615 quo
343 546 416 601 res,
449 520 491 584 de
511 539 574 605 qua
597 517 787 604 loquimur,
818 514 1049 602 proficiscetur.
1096 517 1210 584 Naxus
1233 542 1287 585 rc-

251 635 326 681 rum
343 607 492 692 caussulia
508 606 607 704 igitur
627 626 688 691 per
711 602 889 670 ablativum
904 602 1090 689 simplicem
1109 606 1287 669 notionum

251 697 410 765 relatione
439 692 652 778 exprimitur,
693 687 751 754 sed
778 687 886 752 addita
915 689 1159 775 praepositione
1186 691 1287 755 simul

252 781 388 868 originis
405 787 437 842 et
459 775 561 841 fontis
584 776 693 860 imago
711 775 751 838 ad
775 775 921 838 animum
943 782 1126 839 revocatur.
1167 775 1206 841 ln
1228 776 1286 840 illo

252 867 333 932 duae
349 863 499 930 notiones
516 881 580 925 una
605 859 949 947 comprehenduntur,
978 860 1013 923 in
1029 858 1090 922 hac
1107 860 1287 926 disiunctae

250 954 403 1017 notiones
419 948 671 1031 coniunguntur.
712 945 798 1010 Nam
814 964 917 1031 quum
933 943 1007 1007 dico
1023 942 1288 1034 laborofrigore
1372 983 1373 1000 ι

195 1049 198 1057 “
251 1037 477 1122 frignsipsum
496 1043 561 1112 est,
587 1053 652 1119 quo
668 1029 803 1096 labores
833 1051 935 1116 quum
960 1028 1077 1094 laboro
1102 1054 1126 1095 a
1140 1030 1286 1118 frigore,

251 1134 300 1188 est
315 1146 333 1186 a
346 1129 439 1209 parte
453 1117 605 1202 frigoris:
634 1137 736 1202 quum
754 1115 870 1182 laboro
887 1110 1069 1201 effigere,
1089 1115 1287 1204 significatur

252 1207 403 1272 dolorem
418 1202 581 1291 proficisci
598 1224 638 1266 ex
655 1201 790 1289 frigore.
825 1201 871 1265 lta
887 1200 1004 1264 Graeci
1021 1221 1154 1287 quoque
1170 1201 1287 1265 distin-

234 1303 365 1380 guunt.
397 1290 463 1354 vid.
491 1287 681 1351 Buttmann.
707 1287 749 1352 ad
772 1284 931 1375 Sophocl.
951 1284 1091 1369 Bhiloct.
1111 1291 1164 1351 91.
1202 1289 1286 1352 Her-

250 1399 362 1444 mann.
378 1375 419 1440 ad
433 1374 539 1460 Viger.
560 1397 593 1437 n.
611 1373 684 1437 385.

352 1495 462 1550 Terent.
478 1489 629 1556 Phorm5,
644 1491 670 1556 1,
686 1490 729 1545 23.
746 1495 858 1542 matrem
873 1488 959 1558 ipram
976 1505 1009 1542 ex
1028 1488 1197 1558 aegritudine
1210 1491 1288 1544 mise-

316 1599 375 1636 rum
393 1597 462 1631 mors
483 1583 638 1645 consequuta
661 1582 708 1627 est.
752 1573 844 1626 Aurel.
863 1572 933 1625 Vict.
951 1573 985 1626 66
1000 1572 1072 1624 Viris
1088 1573 1184 1626 illustr.
1200 1573 1245 1650 stt,
1262 1577 1286 1628 l.

314 1665 423 1721 tandem
439 1681 472 1716 ex
494 1662 597 1715 invidia
615 1660 752 1729 peartaua
766 1675 826 1710 rear
843 1658 877 1709 all
899 1658 1016 1710 omnibus
1036 1658 1155 1710 tribulas
1172 1685 1207 1698 -
1223 1677 1288 1712 con-

317 1751 463 1802 demnatus.
506 1744 636 1815 Quinctil.
657 1743 684 1808 6,
704 1743 730 1807 3,
752 1742 795 1796 66.
825 1743 935 1794 videbar
956 1742 1090 1793 videre-
1112 1743 1238 1811 quosdam
1254 1761 1288 1796 ex

315 1834 376 1886 uina
391 1833 554 1885 vacillantes.
586 1828 675 1880 Tacit.
690 1828 763 1880 Hist.
777 1827 802 1892 2,
817 1826 859 1878 ll.
877 1844 926 1895 pua
944 1826 1003 1894 plac
1017 1826 1114 1878 viriam
1129 1845 1159 1878 ac
1175 1829 1288 1893 roboris,

316 1917 445 1983 efiduciu
461 1915 577 1968 tarditas
597 1915 694 1966 inerat.
734 1910 797 1965 Alia
815 1909 879 1964 vide
901 1910 974 1980 apud
989 1909 1111 1964 (1666666
1125 1911 1159 1963 66
1173 1911 1287 1967 Sallust.

314 2001 346 2053 Iu
368 1999 409 2055 ,i
430 1999 457 2054 6.

348 2017 392 2155 lle
406 2039 497 2155 ’verbis
513 2087 629 2165 oriundi,
647 2097 776 2152 nascendi
790 2097 845 2151 vid.
858 2097 974 2152 Balarus
989 2096 1023 2149 66
1037 2095 1093 2150 cie.
1104 2097 1232 2166 aaran,
1243 2099 1286 2154 76.

315 2187 426 2244 Terent.
441 2187 523 2240 Andr.
532 2186 559 2252 1,
566 2183 591 2253 3,
600 2185 642 2238 11.
659 2185 777 2255 grauida
790 2201 803 2236 e
818 2183 957 2252 Pamphilo
972 2189 1017 2236 cst.
1050 2181 1076 2248 3,
1091 2181 1170 2247 2,1r.
1190 2186 1288 2236 creden

314 2273 364 2325 tili
385 2275 432 2324 lroc
451 2289 536 2335 nnnc,
561 2269 691 2338 peperisse
711 2269 779 2320 lianc
802 2284 815 2318 e
837 2265 998 2336 Pamphilo?
1032 2265 1103 2319 Nota
1126 2271 1187 2318 suut
1209 2269 1286 2333 oriri,

314 2357 388 2409 nasci
400 2373 434 2408 ex
453 2356 548 2423 aliquo.
576 2353 686 2406 Terent.
701 2348 810 2416 Ennii,
826 2350 852 2414 2,
868 2349 893 2402 6.
911 2347 1077 2414 Λ6.1,1,15.
1094 2349 1163 2404 Hac.
1173 2349 1199 2414 4,
1207 2351 1235 2416 al,
1243 2351 1286 2404 33.

313 2442 337 2493 si
351 2457 384 2493 ex
400 2457 440 2492 me
453 2439 501 2496 illa
517 2438 610 2489 liberor
624 2440 699 2489 ocllct
712 2437 769 2488 sibi.
793 2433 895 2486 Ennius
911 2434 981 2502 apud
996 2433 1053 2486 cic.
1068 2435 1144 2487 Orat.
1161 2433 1204 2500 46,
1222 2435 1282 2490 155.

313 2542 395 2594 neque
410 2531 483 2576 taum
496 2539 618 2589 umquam
631 2521 661 2573 in
675 2521 804 2590 gremium
813 2519 923 2572 extollas
937 2519 1076 2570 liberorum
1089 2537 1122 2571 ex
1133 2527 1158 2572 te
1169 2537 1265 2589 genus.

347 2627 423 2679 Gurt.
443 2624 487 2690 16,
509 2623 535 2690 ’1,
558 2622 584 2676 6.
610 2630 756 2690 tutoresque
777 2622 891 2674 destinat
904 2619 967 2688 filio
991 2635 1024 2673 aa
1050 2622 1159 2672 Roxane
1176 2625 1284 2688 satam.

314 2713 355 2764 De
370 2709 464 2778 verbis
483 2725 516 2761 cx
530 2725 557 2759 se
571 2708 685 2777 gignere
708 2705 814 2758 Cottius
830 2704 864 2757 66
880 2705 989 2758 Sallust.
1003 2706 1064 2775 lag.
1078 2703 1104 2770 5,
1120 2704 1146 2757 ’1.
1173 2707 1284 2772 quaesi

314 2794 424 2863 cognita
435 2791 576 2845 habuisset
590 2790 778 2854 Heindorliur‚
795 2806 848 2841 non
864 2789 962 2842 falsam
976 2788 1186 2856 explicationem
1198 2791 1285 2842 iecis-

314 2886 357 2932 set
374 2877 403 2930 iu
425 2876 482 2931 cic.
508 2876 542 2928 de
563 2877 624 2929 Nat.
647 2875 672 2929 6.
692 2875 718 2940 2,
733 2874 776 2939 33,
792 2873 835 2927 63.
876 2874 931 2927 Sed
951 2874 1035 2938 haec,
1061 2889 1131 2941 qaae
1146 2873 1285 2942 originem

312 2955 451 3032 spectant,
489 2927 615 3014 formulis
646 2965 784 3027 constant,
823 2964 855 3013 at
876 2958 1020 3012 Suetonius
1041 2957 1133 3010 dicere
1161 2960 1286 3027 potuerit

312 3047 382 3116 Aug.
398 3045 441 3098 63.
459 3063 493 3098 ex
508 3064 560 3115 qua
574 3047 628 3097 iam
644 3053 721 3114 pater
739 3051 806 3098 erat.

347 3148 408 3202 lriv.
425 3147 467 3213 22,
488 3147 515 3212 2,
537 3148 578 3200 16.
601 3149 740 3200 Hannibal
761 3165 842 3218 aeger
864 3145 944 3199 oeulis
964 3163 997 3198 cx
1012 3163 1094 3198 uerna
1107 3146 1224 3215 primam
1240 3149 1286 3200 in·

311 3234 434 3303 temperie
448 3233 570 3284 variante
585 3233 683 3285 calores
692 3235 860 3301 frigoraque.
904 3229 960 3282 Cic.
974 3229 1047 3282 Phil.
1059 3231 1084 3295 1,
1100 3229 1125 3295 5,
1140 3230 1183 3283 12.
1202 3251 1287 3300 qaum

311 3318 380 3370 eoin
395 3319 557 3386 languerem.
576 3315 747 3380 6616624.
769 3313 980 3381 1616262613.
1002 3333 1034 3366 cx
1042 3315 1153 3367 laertium
1162 3319 1287 3370 exercitu

311 3391 410 3465 Siculi,
434 3408 465 3452 nt
483 3401 596 3470 primum
614 3401 701 3452 videre
716 3418 749 3453 cx
767 3402 904 3470 grauitate
925 3401 975 3452 loci
995 3400 1105 3470 uulgari
1118 3402 1238 3467 mardos,
1255 3403 1288 3454 in

209 3533 213 3542 ,
311 3502 373 3538 suas
388 3484 494 3552 palisque
505 3484 667 3553 propinquas
681 3487 756 3540 urbes
770 3486 869 3556 dilapsi
881 3493 950 3540 rant.

342 3586 433 3640 Plaut.
448 3585 533 3637 Mera.
548 3584 573 3650 2,
591 3585 686 3651 3166.
702 3605 784 3641 aanor
795 3606 848 3644 non
861 3595 898 3640 est
912 3605 945 3641 ex
960 3602 1050 3644 amare
1063 3588 1144 3642 illias.
1180 3587 1241 3642 cie.
1255 3607 1288 3657 p.

310 3669 416 3724 Fontei
438 3668 522 3734 616.
542 3669 673 3725 inimicior
688 3673 815 3728 Marcello
831 3673 988 3726 Crassus-
1002 3690 1035 3726 ex
1051 3674 1170 3728 ciuilibus
1185 3675 1289 3728 studiis
1370 3685 1371 3736 ι

307 3764 385 3824 atquc
401 3756 583 3808 attrectatione
598 3756 754 3821 domestica,
778 3773 855 3824 paam
870 3757 930 3808 ltuic
947 3757 1028 3810 Galli.
1046 3757 1081 3810 66
1095 3759 1138 3810 Re
1152 3775 1178 3826 p.
1194 3757 1223 3824 2,
1239 3758 1287 3813 33.
1370 3751 1371 3810 l

309 3833 388 3908 paam
402 3846 466 3892 essct
483 3856 516 3890 ex
534 3855 594 3892 aare
614 3840 700 3893 alieno
715 3847 842 3894 commota
855 3841 955 3894 civitas.
982 3841 1040 3896 (lic.
1054 3860 1080 3909 p.
1095 3843 1167 3896 naa.
1184 3844 1286 3898 Parth.
1370 3839 1371 3874 f

307 3923 333 3989 ll,
340 3923 384 3978 23.
404 3923 563 3976 Demetrium
577 3950 612 3960 -
625 3940 659 3975 ec
674 3923 794 3976 doctrina
807 3923 919 3976 nobilem
939 3932 965 3979 et
980 3927 1089 3980 alumna.

344 4025 403 4078 cic.
417 4025 451 4079 ad
465 4026 542 4077 Fam.
557 4024 600 4090 16,
613 4024 657 4090 21,
673 4023 698 4077 5.
716 4027 785 4094 pund
798 4026 885 4096 igitar
897 4033 1000 4080 tames
1012 4046 1053 4082 rna
1068 4030 1190 4095 doluisti,
1208 4049 1288 4084 nene

306 4116 338 4162 at
358 4111 504 4178 duplicetur
523 4116 596 4163 taam
610 4127 643 4162 cx
657 4127 698 4162 me
711 4113 856 4180 gaudiam,
881 4115 1028 4181 praestato.
1061 4116 1139 4167 Brut.
1157 4113 1204 4180 61,
1218 4113 1286 4168 332.

305 4200 381 4250 eata
395 4194 493 4262 duplex
507 4209 555 4248 aas
567 4196 655 4261 afficit
666 4196 823 4252 6611166666.
857 4197 969 4252 Terent.
975 4197 1058 4252 6666.
1075 4196 1187 4265 aaut.
1203 4200 1283 4254 lalc-
