2852 4736
579 317 727 428 ΚΧΕΟ.
891 311 895 320 .
1145 363 1208 432 411
1292 463 1294 467 ἁ

159 521 341 610 scriptores
356 519 573 606 eoque-etiam
587 518 627 582 ab
641 517 735 584 initio
753 515 932 582 sententiae
944 531 1212 605 pancratianum,
1313 597 1317 602 ·
1347 515 1349 517 ’

159 608 325 698 imprimis
343 607 485 672 Velleius
503 617 535 670 et
552 603 805 685 Quinctilianus.
1133 651 1137 660 .
1212 660 1215 690 ί

210 751 212 754 ·
262 725 385 796 Velleius
399 727 504 790 Peon,
515 723 577 790 127,
594 723 619 777 4.
636 725 705 776 nibil
719 722 773 776 sibi
782 723 962 776 uindicantem
979 739 1057 792 eoque
1072 740 1212 796 sesemen-
1304 743 1306 750 ’

227 820 280 866 tem
297 807 394 865 omniu.
432 810 522 865 Tacit.
547 810 617 862 Anu.
640 809 666 874 1,
689 807 732 861 50.
758 827 795 860 an
817 807 969 876 impeditius
997 816 1030 881 et
1050 793 1231 866 intentatum!

172 900 175 908 '
226 913 305 966 coque
328 897 445 950 hostibus
464 897 607 947 incautum.
639 893 699 946 niv.
722 893 770 958 33.
791 891 834 958 87,
857 893 883 944 2:
903 909 1005 961 magna
1026 895 1138 947 circuitu
1161 911 1212 967 per

228 990 324 1052 aperta
345 997 424 1049 eoque
445 986 506 1033 totu
528 979 587 1031 loca
610 980 647 1031 ad
670 979 800 1047 collegam
819 977 948 1048 peruenit.
988 979 1211 1036 liuthericum

158 1081 160 1086 ·
208 1066 351 1150 ιιοιξίιιεῐι,
366 1064 449 1132 idque
464 1063 608 1118 confirmet
623 1063 682 1116 cod.
697 1064 841 1132 bamberg,
1220 1095 1232 1144 ι

262 1167 361 1222 Vellei.
377 1167 403 1232 2,
421 1164 481 1232 115,
495 1165 521 1220 2.
538 1185 589 1236 per
602 1175 696 1238 gentes
705 1167 827 1236 integras
843 1164 1020 1236 immunesque
1035 1157 1122 1230 adbuc
1137 1171 1212 1226 clade
1237 1183 1241 1194 ¹

228 1257 291 1308 belli
305 1262 330 1308 et
345 1271 373 1306 co
383 1255 486 1319 feroces
501 1271 533 1305 ac
548 1260 643 1306 truces.

264 1356 322 1409 Cic.
337 1355 422 1424 Acuti.
439 1355 465 1420 2,
483 1354 526 1421 ll,
552 1353 596 1411 55.
622 1351 800 1408 Democritum
825 1339 910 1408 dicere
932 1341 1137 1411 innumerabiles
1159 1377 1214 1414 esse

3 1461 5 1464 ·
120 1499 123 1504 ¹
229 1442 357 1506 mundos,
383 1442 525 1510 etquidem
541 1441 718 1509 sicquosdom
733 1423 803 1492 inter
818 1457 845 1492 se
860 1457 914 1492 non
930 1443 1014 1494 sotum
1030 1433 1150 1510 similos.
1166 1447 1215 1498 sed

229 1525 345 1594 undique
358 1516 474 1594 perfecte
488 1533 514 1577 et
529 1527 646 1578 absolute
661 1526 700 1592 ita
716 1542 810 1593 pares,
835 1531 866 1578 ut
881 1525 951 1578 inter
963 1545 1005 1580 eos
1021 1529 1090 1580 nibil
1102 1511 1213 1599 prorsus
1236 1545 1240 1550 '

176 1663 178 1666 .
200 1651 204 1658 .
225 1609 345 1674 intersit,
362 1617 388 1664 et
404 1628 433 1662 eo
448 1627 547 1679 quoquc
560 1610 775 1666 innumerabiles.
802 1615 805 1620 '
862 1613 866 1664 ἶ
1125 1625 1126 1628 ’

265 1712 306 1765 Ab
331 1712 411 1766 initio
432 1711 585 1766 sententiae
607 1712 725 1791 positum
745 1711 912 1764 rocebnlum
933 1711 998 1774 vido
1020 1717 1093 1785 opud
1113 1717 1213 1782 Vellei.
1296 1769 1299 1778 ,

119 1792 122 1800 ’
226 1795 254 1864 2,
270 1795 313 1864 60,
329 1797 355 1852 5.
380 1799 406 1865 2,
422 1797 465 1865 us,
479 1797 504 1853 4.
526 1797 599 1868 apud
614 1797 746 1866 Quinctil.
762 1795 829 1906 4,ἐ,
845 1795 887 1850 42.
907 1795 932 1862 4,
949 1797 1014 1888 dd.

177 1919 180 1926 '
222 1919 274 1984 ’4.
297 1919 336 1985 In
361 1921 571 2010 expositione
594 1941 727 1984 caussae
751 1919 852 1984 altera
876 1943 952 2008 pars
980 1925 1214 1991 enuntiationis
1295 1925 1297 1935 '

160 1997 311 2072 adiicitur
336 2029 397 2094 per
423 2007 582 2074 vocabula
606 2005 763 2069 caussalia
784 2006 884 2092 quin,
909 2010 1087 2106 quoniam,
1113 2013 1214 2098 quod.

161 2091 228 2156 Sed
244 2093 279 2156 in
300 2092 406 2180 quod,
436 2093 571 2161 diversis
594 2088 756 2178 exemplis
772 2091 959 2177 dispositis,
993 2094 1137 2180 quorum
1154 2099 1216 2164 alia

163 2181 426 2266 comparativum
457 2176 608 2257 habent.
644 2177 680 2241 in
714 2175 782 2240 aliis
814 2199 852 2241 eo
883 2177 1043 2262 significat
1069 2205 1133 2268 per
1164 2185 1215 2266 id,

162 2283 232 2327 non
266 2265 370 2330 multe
402 2275 544 2345 restant,
583 2283 766 2346 eorumque
797 2262 942 2328 maxima
973 2287 1048 2350 pars
1078 2270 1112 2332 in
1138 2291 1215 2334 eum

87 2428 90 2435 Ι
161 2349 304 2413 modum
326 2349 491 2430 formata,
521 2359 559 2415 ut
577 2347 666 2438 quod
683 2348 821 2436 proprie
837 2349 878 2412 sit
901 2347 969 2436 qua
991 2352 1147 2438 ratione,
1177 2357 1215 2421 in

92 2447 95 2454 '
161 2431 316 2523 wiefera·

265 2556 356 2622 Plant.
370 2555 469 2624 Amph.
487 2551 513 2620 2,
535 2555 562 2620 2,
584 2553 645 2608 124.
669 2571 699 2607 eo
714 2541 771 2622 flc‚'
794 2553 857 2622 quin
873 2554 941 2608 milti
963 2556 1107 2626 plurimum
1130 2562 1215 2616 creda.

233 2639 434 2710 oapt.1,1,2.
467 2639 581 2694 Terent.
607 2641 677 2712 Eun.
693 2637 719 2704 4,
738 2637 822 2704 4,17.
849 2657 920 2693 nunc
940 2659 970 2694 co
987 2627 1093 2698 uidetur
1106 2647 1215 2713 scedas,

162 2755 165 2762 a
231 2723 295 2796 puio
310 2727 387 2779 ittam
400 2741 455 2776 non
472 2725 559 2777 babet.
594 2725 697 2776 Heuut.
712 2722 738 2788 3,
753 2722 779 2789 1,
793 2722 836 2776 96.
855 2723 882 2789 4,
896 2723 923 2790 5,
938 2725 982 2778 38.
1003 2727 1072 2780 Eun.
1089 2729 1115 2794 3,
1131 2729 1155 2795 l,
1172 2731 1223 2785 25..

233 2812 301 2866 Ceto
317 2812 351 2864 de
367 2811 410 2863 Re
425 2826 448 2861 r.
463 2806 489 2872 6,
504 2805 528 2861 4.
554 2826 618 2862 nam
634 2809 754 2862 conuenit
770 2810 960 2880 arundinetum
975 2830 1033 2865 cum
1049 2801 1162 2868 corrado
1177 2835 1215 2879 eo,
1283 2847 1286 2856 ι

210 2895 294 2964 *quio
305 2886 414 2961 foditur
428 2899 454 2946 et
468 2893 626 2947 incenditur.
662 2891 720 2946 cic.
735 2893 770 2946 ad
784 2894 840 2946 uu.
854 2889 1216 2970 10‚1s.eg'0amem,qoia
1264 2906 1266 2914 ’

234 2980 392 3048 scripseras,
412 2985 438 3030 te
448 2979 582 3047 proficisci
596 2979 715 3048 cogitare
730 2978 840 3044 (etenim
854 2981 1008 3044 audieram,
1024 2973 1122 3035 nemini
1130 2987 1218 3038 'aliter

220 3062 345 3128 licere),
370 3079 399 3112 eo
421 3067 446 3113 te
469 3063 724 3114 baberecenssbom
750 3061 909 3130 (diploma).
935 3065 970 3116 nd
984 3067 1062 3118 Fam.
1084 3067 1109 3131 9,
1131 3069 1174 3134 16,
1190 3070 1216 3122 u.

235 3147 348 3201 Sallust.
363 3145 422 3197 cac.
438 3145 481 3210 20,
497 3146 523 3196 8.
547 3148 593 3198 sed
606 3148 670 3216 quia
685 3146 775 3198 multis
796 3153 822 3198 et
836 3147 945 3220 magnis
959 3152 1157 3220 tempestatibus
1172 3173 1217 3206 oos

201 3249 204 3256 ·
233 3231 347 3302 cognovi
362 3231 451 3296 fortes
466 3230 588 3298 fidosque
610 3231 692 3296 mibi,
729 3248 759 3283 eo
788 3233 892 3283 animus
915 3249 996 3284 ausus
1024 3237 1166 3288 marimum
1190 3245 1217 3292 et

230 3315 438 3388 pulcherrimum
453 3315 562 3380 facinus
578 3315 699 3383 incipere.
738 3315 830 3367 Tacit.
842 3317 911 3388 Agr.
926 3315 969 3368 22.
993 3317 1218 3387 ἱντίιίειὴοειὶὺιιε

234 3419 315 3472 eoque
338 3400 554 3470 desperantibus,
586 3401 651 3469 qnia
672 3429 707 3440 -
730 3407 787 3456 tam
811 3409 912 3455 aestate
936 3409 1015 3472 utque
1036 3405 1120 3474 bieme
1143 3409 1218 3462 iurtu

231 3487 410 3561 pellebantur.
498 3521 500 3526 -
970 3495 974 3516 ⁸
1167 3506 1181 3516 '⁴

273 3587 382 3642 Gellius
395 3586 422 3653 7,
437 3584 479 3638 la.
499 3585 564 3638 boec
577 3599 607 3638 eo
623 3581 734 3640 strictim
748 3587 856 3655 amoni,
877 3589 1044 3660 quantumin
1058 3589 1098 3646 M.
1109 3593 1218 3650 Catonis

234 3675 357 3730 aratione
370 3701 405 3712 —
420 3670 513 3739 quaeri
529 3669 594 3722 solet
609 3697 658 3746 ft.

252 3773 409 3840 *Celsusffl
427 3771 451 3825 4.
478 3771 584 3849 audaci
598 3773 793 3826 medicamentis
809 3775 967 3843 quibusdam
989 3779 1061 3832 dotis
1077 3783 1220 3836 macoctio·

133 3904 136 3908 .
238 3877 299 3914 acm
318 3861 510 3924 moliebantur,
537 3876 565 3910 co
590 3859 658 3926 qaod
680 3857 838 3911 cruditatem
853 3861 966 3914 manime
981 3863 1132 3918 torrebant.
1151 3866 1176 3932 4,
1191 3867 1218 3921 3.

238 3945 269 4000 id
284 3946 390 4015 cuidam
402 3944 490 4013 utique
505 3943 644 3996 citandum
658 3943 797 4010 dicerunt,
815 3961 844 3997 eo
854 3945 1042 4028 quodmarime
1057 3957 1113 4004 tum
1127 3969 1220 4022 corpus

240 4029 327 4096 cpiorc
340 4035 438 4100 egeret.
456 4028 481 4095 ἃ
499 4027 543 4081 18.
560 4046 587 4097 p.
601 4026 663 4082 149.

278 4128 339 4183 Cic.
349 4131 427 4184 verr.
435 4132 461 4196 1,
470 4131 496 4196 8,
504 4130 546 4184 22.
563 4129 836 4201 intelligeremus,
852 4133 968 4202 primum
977 4135 1115 4206 interesse²
1129 4146 1220 4194 utrum

240 4215 271 4270 id
285 4232 350 4272 auus
366 4224 464 4272 coma
477 4217 528 4288 ipsi
542 4216 701 4280 reimmitist
717 4233 771 4282 aa,
793 4219 862 4288 quad
872 4220 989 4290 probare
1000 4224 1099 4292 popula
1112 4241 1220 4281 romono
