2782 4730
481 417 654 484 .EX.

151 611 157 632 .
197 577 315 642 ΙΤαιααα
331 573 415 628 Andr.
430 571 455 640 4,
471 571 497 640 1,
511 570 538 627 8.
563 588 594 626 ea
612 573 781 636 incommodis
803 577 912 634 suerius
926 597 975 636 suo
988 589 1019 640 ut
1031 603 1138 660 iampa-

170 670 230 715 rent
246 661 385 714 commoda.

203 766 313 819 Terent.
329 763 397 817 uun.
410 758 439 826 5,
453 759 480 824 2,
496 755 539 810 35.
561 760 631 812 maio
647 778 677 814 es
689 762 820 832 principio
841 783 944 842 magna
959 769 1139 850 familiaritas

169 854 285 918 conflata
300 855 347 902 est.

204 951 315 1024 Sallust.
331 951 391 1016 lug.
407 945 450 1010 1⁰,
464 944 490 998 2.
510 949 559 998 tua
572 945 670 1007 uirtute
684 951 758 1004 nobis
773 953 906 1006 Romanos
923 972 953 1007 en
967 959 1057 1011 amieis
1071 963 1140 1016 ami-

168 1038 281 1090 sissimos
292 1033 391 1102 senati.

186 1163 236 1244 18.
265 1157 321 1221 Ex
339 1155 456 1243 aliqua
476 1175 514 1220 re
533 1153 708 1223 nominari
721 1159 772 1224 vel
786 1159 858 1226 disi
872 1161 1016 1230 formula
1034 1173 1081 1232 est
1098 1169 1139 1234 de

100 1244 235 1308 nomine
251 1261 292 1306 ex
310 1243 416 1328 aliqua
440 1263 477 1306 re
501 1253 618 1329 capto,
649 1254 704 1308 aut
727 1267 767 1334 ers
791 1247 924 1314 alieuius
948 1253 994 1316 rei
1012 1257 1139 1321 ratione
1227 1291 1229 1295 ⁴

101 1329 269 1416 imposito.
1022 1417 1025 1424 Ι
1061 1337 1064 1346 ‘
1124 1401 1127 1406 ,

207 1443 263 1501 (iia.
281 1442 314 1500 do
330 1443 433 1502 Noni
454 1444 481 1513 2,
498 1431 541 1512 2'0,
557 1443 598 1501 51.
627 1463 738 1520 quarum
760 1468 791 1506 es
812 1450 961 1522 disparibus
982 1455 1139 1515 motionibus

47 1561 54 1586 .·
98 1525 101 1534 ’
167 1546 296 1602 magnum
321 1549 420 1586 annam
443 1527 624 1606 mathematici
647 1537 854 1590 nominaverunt.
896 1540 973 1606 Quae
996 1546 1068 1596 male
1091 1563 1139 1598 ex·

114 1665 118 1674 ,
168 1617 266 1685 plicuit
283 1617 426 1684 Wopkens.
442 1617 518 1668 Leni
534 1617 608 1669 Tull.
626 1637 651 1686 p.
665 1617 724 1672 125.
750 1619 799 1671 nbi
818 1621 1006 1677 sidenorum
1021 1625 1053 1678 de
1070 1627 1139 1700 Le‘g.

137 1705 155 1761 '⁴
168 1695 194 1764 1,
202 1699 229 1765 8,
240 1701 282 1752 24.
301 1697 418 1754 animum
433 1716 485 1752 esse
500 1702 684 1770 ingeneratum
700 1722 718 1755 a
736 1705 799 1756 deor
817 1723 847 1756 ea
858 1719 907 1774 quo
922 1723 980 1762 aere
996 1713 1037 1763 aet
1052 1732 1142 1784 agna-

118 1780 124 1795 '
146 1787 206 1837 ‘tio
226 1786 302 1837 'nobis
324 1803 380 1836 cnm
404 1787 551 1837 coelestibus
573 1787 614 1838 uel
632 1803 716 1856 genus
738 1789 778 1839 oei
796 1789 875 1857 stirps
899 1796 1031 1861 appellari
1049 1807 1142 1866 potest.

116 1875 118 1878 ’
167 1867 240 1922 ΡΙία.
256 1871 328 1922 nist.
339 1885 365 1922 n.
380 1869 422 1935 27,
438 1871 480 1934 lu,
490 1867 532 1922 65.
552 1869 683 1922 holosteon
697 1870 753 1921 sine
766 1872 866 1924 duritia
880 1882 931 1940 est,
949 1879 1029 1931 herba
1046 1895 1076 1933 er
1090 1885 1140 1936 ad·

167 1964 241 2006 uerso
257 1955 394 2022 appellata
409 1972 426 2006 a
441 1955 558 2007 Graecis.
600 1953 670 2020 flius.
685 1951 758 2007 Hist.
778 1965 804 2006 n.
815 1955 862 2020 ·11‚
880 1957 921 2022 si,
937 1959 978 2013 45.
999 1965 1059 2016 aliis
1074 1967 1139 2019 sins.

170 2037 253 2104 plicia
275 2039 387 2104 tribuit,¹
410 2042 440 2088 ut
461 2039 489 2088 in
513 2038 600 2088 eodem
623 2051 718 2104 genere
738 2039 905 2092 subulonibus
929 2059 959 2094 aa
982 2057 1139 2116 argumento

108 2137 110 2142 ·
170 2118 254 2187 dictis.
275 2118 295 2170 i.
310 2137 333 2170 e.
352 2133 385 2170 ex
399 2119 440 2170 rei
456 2125 561 2172 nutura.
597 2121 686 2182 Tacit„
704 2121 796 2174 Germ.
811 2122 836 2187 2,
851 2122 877 2174 4.
904 2139 1040 2194 equora-m
1055 2133 1140 2186 nomi-

171 2197 249 2254 nibus
263 2195 377 2272 proximi
394 2219 488 2256 amano
498 2206 675 2274 Ingaevones,
692 2207 772 2258 medii
785 2207 958 2262 Herminones
966 2239 998 2251 ··-
1008 2225 1139 2272 uocantur.

107 2301 110 2308 ·
167 2281 262 2338 lustin.
277 2284 319 2352 15,
335 2269 361 2352 213
376 2287 401 2340 9.
443 2287 532 2343 Tacit.
549 2291 616 2342 Ann.
633 2289 658 2353 4,
673 2287 715 2343 55.
742 2291 834 2359 dapium
857 2310 871 2344 a
890 2296 1036 2350 nominibus
1053 2299 1141 2356 indita

169 2373 295 2424 uocabula
309 2373 424 2442 iusuper
438 2375 545 2439 Asiam,
571 2375 612 2426 nu
627 2375 655 2426 in
673 2372 762 2429 Italia.
806 2377 915 2430 Sallust.
932 2379 1032 2448 Iugss't,
1050 2379 1074 2436 4.
1098 2387 1142 2438 sui

133 2465 135 2474 “
168 2465 260 2529 posteo
276 2455 405 2522 Africano
424 2471 565 2528 cognomen
589 2477 619 2511 ea
644 2461 739 2513 uirtute
754 2463 819 2528 fuit.
854 2464 951 2516 Florus
968 2467 992 2530 1,
1004 2454 1030 2532 1,
1049 2469 1073 2521 1““.
1098 2471 1142 2524 eui

167 2558 311 2612 cognomen
331 2542 447 2610 sapesso
471 2561 502 2596 es
524 2545 639 2596 moribus
662 2547 761 2599 datum.
794 2547 821 2613 2,
842 2547 1044 2652 6,11.‘0viu.
1065 2551 1141 2610 Fosi.

168 2624 194 2689 2,
213 2624 271 2677 sol.
294 2641 387 2680 nomen
401 2651 435 2666 -
448 2645 480 2680 ea
493 2630 558 2681 uitio
571 2630 692 2698 positum.
752 2659 757 2670 ι

136 2717 139 2724 “
205 2727 297 2781 lustin.
318 2725 360 2793 20,
377 2727 402 2794 ὖ,
421 2728 446 2783 9.
473 2707 629 2794 αα,ιιαι·ηἰιια
651 2733 724 2785 duris
747 2742 838 2804 gentes
854 2736 998 2789 Raetorum
1019 2741 1142 2794 condide-

169 2821 240 2866 rant.
267 2811 408 2878 43,1,12’.
434 2813 535 2867 Aeneas
559 2844 593 2856 —·
616 2819 706 2869 arbem
728 2831 759 2871 es)
782 2822 884 2872 nomine
898 2824 986 2874 uraris
1002 2825 1142 2878 Lavinium

170 2896 294 2948 condidit.
329 2896 397 2948 Vide
412 2897 545 2952 Munaiser
561 2901 595 2953 od
614 2902 683 2954 husa
699 2903 795 2970 Antan.
813 2901 933 2958 Liberat.
958 2906 982 2959 8.
1001 2901 1030 2962 in
1038 2906 1142 2979 ταύτης
1239 2945 1246 2965 s

172 2980 221 3034 nat
238 2977 343 3046 Annaei
360 2977 442 3036 πόλιν
457 2980 487 3036 ir
504 2979 604 3058 Ἰταλία
615 2977 743 3056 Σύβαριν
762 2985 879 3042 ἔκτισαν.

207 3082 263 3134 cia.
282 3083 364 3152 uuas,
377 3082 402 3148 4,
418 3084 462 3149 12,
474 3085 516 3140 21.
537 3104 567 3139 er
584 3106 633 3155 quo
647 3090 676 3140 in
691 3090 752 3142 aliis
765 3094 899 3158 anxietas,
918 3091 988 3146 unde
1004 3065 1093 3162 απαίἰ,
1111 3097 1142 3150 in

172 3168 232 3220 aliis
248 3168 388 3219 iracundia
402 3165 507 3234 dieitur,
527 3188 592 3238 quae
609 3164 642 3224 ab
658 3173 702 3226 ira
715 3175 813 3243 differt.
831 3176 849 3230 i.
866 3191 889 3230 e.
908 3191 941 3230 ex
957 3179 1011 3230 huo
1026 3180 1141 3235 ratione.

171 3251 216 3304 vd.
234 3249 268 3328 ed
280 3252 424 3318 Wopkens.
441 3251 542 3320 μ126.
1066 3256 1071 3276 '

189 3378 238 3438 19.
264 3373 364 3454 Quod
378 3375 412 3438 in
437 3372 545 3460 aliquo
568 3381 783 3446 numeraret
805 3382 839 3450 in
864 3386 970 3474 aliqua
992 3391 1142 3468 multitu-

103 3459 180 3524 dine
196 3458 247 3522 vel
264 3460 358 3544 eopia
374 3459 424 3523 vei
447 3459 480 3522 in
499 3461 608 3547 aliquo
634 3488 752 3550 genere
773 3492 884 3534 rerum
904 3475 1015 3538 losum
1033 3475 1144 3559 habet,

101 3545 138 3608 id
153 3555 189 3606 ut
203 3543 264 3640 ipae
281 3545 352 3632 ipsa
365 3545 494 3610 ratione
511 3545 716 3633 designetur,
740 3553 860 3620 dieitur
878 3581 918 3623 ex
934 3555 1073 3626 numero
1090 3565 1143 3629 vel

103 3651 147 3693 ex
171 3651 287 3715 genere
313 3630 364 3694 vel
389 3653 431 3694 ex
453 3631 662 3699 multitudine
685 3651 870 3725 sumptum,
900 3646 967 3711 sive
991 3648 1148 3714 eiectum:

105 3714 216 3792 Quare
231 3739 270 3778 ex
286 3715 415 3780 additur
429 3718 617 3784 nominibus
633 3722 733 3784 totius
748 3726 812 3804 rei,
843 3730 932 3794 euius
949 3755 1023 3816 pars
1039 3736 1081 3798 sit
1096 3735 1142 3816 id,

104 3799 146 3861 de
164 3819 228 3881 quo
253 3809 299 3862 est
324 3824 448 3882 sermo,
479 3803 633 3891 idemque
655 3808 829 3892 exprimit,
863 3816 950 3899 quod
971 3820 1143 3902 genitivus.

102 3883 219 3968 Neque
236 3883 326 3947 aliter
343 3887 468 3951 Graeci.
508 3892 614 3976 Atque
628 3897 870 3978 praepositione
887 3901 1143 3972 distinctiusde-

104 3969 268 4052 signatur,
289 3971 377 4052 quod
401 3972 556 4039 ablativus
580 3977 770 4064 simpliciter
791 3982 923 4050 indicat.
967 3987 1029 4050 Sed
1047 4012 1143 4079 saepe

103 4052 169 4118 hoa
191 4053 292 4116 modo
315 4052 384 4146 fere
406 4057 495 4122 idem
524 4059 681 4142 efficitur,
711 4066 800 4151 quod
826 4075 987 4146 contraria
1004 4077 1142 4142 notione

102 4137 365 4237 praepositiones
388 4140 424 4204 in
450 4152 482 4206 et
505 4143 594 4208 inter
608 4160 745 4216 notante
773 4175 869 4242 saepe
889 4179 953 4244 pro
981 4159 1140 4232 adieetiuo

103 4233 149 4290 ita
171 4234 417 4312 componuntur
436 4225 501 4292 duo
518 4227 727 4302 substantiva.
