2782 4730
566 349 680 417 ETSI.
1079 359 1140 420 601
1198 350 1203 364 “
1271 296 1275 308 *

107 529 111 536 ·
170 525 250 568 asam
264 513 348 564 reon.
382 506 549 562 Attea-locus
562 511 603 562 est
617 505 644 574 Β,
659 503 686 572 a,
700 503 743 560 li.
778 505 866 560 Poeta
881 505 930 576 qui
943 504 1020 560 Gisia
1033 525 1143 578 compa-

171 598 241 663 suit,
259 595 344 649 habet
359 609 385 645 v.
400 591 425 645 L
440 591 541 647 estne.
639 620 641 628 ν

208 699 304 752 Cicero
320 701 461 764 tantopere
476 693 641 746 assuefactus
656 694 784 748 erutheo
798 691 932 758 dictione,
951 697 981 747 at
996 695 1145 760 permultas

173 783 301 852 epistolas
316 783 351 834 ab
365 782 419 834 hac
433 777 571 848 particula
588 777 729 848 inciperet.
764 777 933 834 stewechius
954 777 1077 831 nominat
1094 777 1144 832 tri-

173 869 250 938 ginta
263 885 325 921 sext
345 868 407 919 suat
421 869 511 918 tamen
526 862 626 934 planes.

191 996 221 1056 1.
244 990 328 1054 ΕΤεΙ
353 984 571 1051 concessivam
597 984 720 1050 format
747 986 959 1065 sententiam,
990 1007 1073 1071 quae
1095 986 1145 1051 vel

106 1076 344 1162 proemittitur,
385 1071 437 1136 vel
460 1068 565 1137 media
591 1071 831 1158 interponitur,
867 1071 917 1135 vel
944 1068 1091 1136 adiicitur
1116 1071 1145 1135 ei

105 1161 303 1238 sententiae,
327 1178 408 1254 quae
427 1178 499 1220 rem
522 1167 724 1245 repugnante
748 1179 858 1222 caussa
877 1179 944 1222 nou
963 1156 1035 1220 tolli
1053 1154 1147 1219 offir-

105 1254 186 1309 mat.
227 1245 287 1308 Est
304 1242 403 1330 igitur
420 1241 557 1328 proprie
577 1243 626 1304 καὶ
652 1245 678 1306 εἰ
701 1253 734 1307 et
755 1245 782 1306 εἰ
799 1242 866 1322 nai,
891 1241 978 1306 aricia
994 1263 1090 1306 wenn
1114 1251 1147 1304 ct

106 1351 207 1395 werza
228 1329 333 1394 auch:
369 1326 425 1390 sed
446 1325 543 1390 simul
567 1327 865 1412 significandae,
899 1329 1004 1391 καίτοι.
1055 1327 1145 1390 Olim

107 1425 175 1478 erat
198 1414 340 1500 vulgaris
362 1411 495 1559 opinio,
526 1423 658 1498 tamen,
688 1413 743 1477 ubi
767 1435 837 1478 non
862 1421 1050 1500 appareret,
1078 1434 1147 1476 esse

108 1501 276 1563 omissum.
320 1501 361 1561 Ar,
409 1497 483 1561 odie
506 1497 639 1584 quidam
663 1497 769 1563 dicent
786 1497 929 1586 positam
945 1497 1029 1561 hunc
1043 1497 1147 1585 parti-

107 1585 212 1650 eulam
232 1581 426 1648 redundare.
985 1601 995 1619 s

210 1702 401 1758 Praemittitur
422 1701 556 1756 sententia
577 1701 749 1758 concessiva:
771 1701 1074 1768 Florentinum.
1098 1706 1148 1760 etsi

177 1806 210 1843 ea
224 1795 278 1854 est,
295 1806 348 1841 non
364 1795 403 1841 cst
416 1805 457 1840 ea.
492 1787 572 1841 out.
586 1789 645 1843 Ast.
656 1805 709 1843 am.
723 1788 749 1857 3,
765 1788 826 1843 ¹253.
845 1789 894 1842 etsi
906 1788 990 1857 turpia
1003 1789 1069 1854 eris,
1084 1793 1148 1857 for-

175 1891 248 1928 moso
261 1875 381 1926 videbere
394 1874 472 1942 petis.

211 1975 414 2045 Interponitnrr
439 1975 551 2026 Terent.
566 1974 636 2026 llec.
652 1971 678 2039 3,
692 1973 718 2039 3,
733 1971 776 2028 ll.
795 1993 842 2026 nec
855 1975 979 2041 faciam,
1003 1976 1054 2028 etsi
1074 1995 1150 2031 amor

178 2079 219 2116 sne
240 2059 361 2130 grauiter
383 2058 585 2124 consuetudoque
607 2059 662 2109 cius
682 2065 760 2111 tenet.
803 2058 893 2111 Pleut.
906 2059 1009 2111 Bacch.
1025 2057 1050 2125 5,
1064 2060 1090 2126 2,
1105 2061 1169 2137 13η
1257 2077 1260 2086 ’

177 2162 231 2215 age
241 2145 296 2196 iam
310 2143 347 2206 id,
368 2148 428 2193 utut
444 2149 489 2206 cst,
508 2142 555 2193 etsi
570 2147 608 2192 cst
622 2142 782 2205 dedecorum,
799 2143 898 2210 patiar.
934 2142 1046 2196 Terent.
1059 2146 1149 2200 Heau.

178 2229 205 2297 l,
220 2229 246 2293 l,
261 2227 304 2279 11.
324 2225 370 2278 oin
384 2242 425 2277 me
438 2226 505 2277 istuc
520 2225 582 2290 tibi,
602 2227 651 2277 etsi
664 2226 815 2278 incredibile
829 2232 867 2276 est
881 2226 1006 2278 credere?

212 2331 367 2388 ueneror:
385 2325 677 2393 nicaenaeque.
695 2345 748 2380 aa
762 2327 819 2380 oras
834 2345 907 2393 aaa,
930 2329 978 2380 erar
994 2327 1058 2380 aaa
1092 2330 1150 2385 cre.
1179 2317 1182 2322 ’

179 2417 213 2471 sle
229 2418 289 2468 Fin.
303 2414 329 2477 2,
341 2412 383 2478 14,
399 2411 441 2465 45.
464 2414 509 2482 qui
527 2414 660 2482 permulta
677 2415 708 2465 ab
729 2430 786 2465 eam
804 2429 922 2464 caussam
937 2429 1017 2463 unam
1032 2415 1150 2481 faciunt,

180 2503 243 2572 quio
261 2501 346 2564 decet,
364 2498 427 2566 quia
442 2506 556 2562 rectum,
582 2500 645 2566 quia
658 2499 792 2552 donatum
805 2504 859 2562 cst,
883 2498 931 2550 etsi
946 2498 1046 2550 auitum
1062 2514 1151 2554 canse-

157 2631 161 2651 ,
180 2594 319 2657 quieturum
332 2584 531 2636 emolumenturn
548 2583 647 2636 vident.

212 2688 243 2739 ln
259 2686 371 2755 obliqua
385 2684 508 2738 oratione
521 2683 586 2737 'Isiu
600 2685 642 2749 29,
658 2683 684 2750 8,
698 2683 724 2738 l.
748 2685 816 2738 iilud
835 2685 903 2738 satis
914 2684 996 2748 scire,
1020 2686 1069 2737 etsi
1083 2687 1153 2738 mole

181 2771 214 2824 dc
226 2773 323 2840 popula
341 2767 456 2824 romano*
464 2771 552 2822 meriti
566 2777 664 2836 essent,
689 2771 718 2822 in
739 2771 844 2824 metiore
856 2777 928 2822 statu
944 2772 990 2823 sub
1005 2771 1083 2822 iratis
1097 2772 1153 2824 lto·

180 2856 397 2932 nranissuturos,
418 2875 497 2924 quam
513 2855 559 2906 sub
577 2855 667 2908 amicis
683 2856 946 2924 Carthaginiensibus
955 2856 1069 2921 suerint.

215 2958 356 3027 Singulari
378 2959 457 3010 modo
481 2956 631 3024 composita
654 2966 715 3010 snat
738 2958 823 3009 verba
847 2957 904 3010 cte.
923 2957 957 3008 sle
974 2957 1050 3010 Orat.
1066 2958 1092 3023 1,
1108 2943 1151 3024 bb,

179 3041 238 3096 ²16.
257 3061 337 3112 quare
354 3062 423 3107 aon,
444 3044 494 3096 etsi
508 3042 726 3111 eloquentissimus
741 3042 852 3094 Atlscnis
868 3043 977 3095 Pericles
991 3043 1108 3110 ideasquc
1124 3043 1153 3094 in
1184 3105 1188 3110 η

178 3144 211 3179 ca
228 3127 334 3178 ciuitate
346 3127 474 3194 plurimos
492 3143 575 3178 annes
591 3126 713 3194 princepe
727 3127 828 3178 seruitii
845 3127 946 3194 publici
962 3125 1037 3191 suit,
1057 3127 1152 3179 ideirco

180 3210 294 3264 eiusdem
309 3211 421 3262 beminis
436 3218 512 3278 atque
526 3210 591 3262 artis
605 3218 717 3278 utraque
724 3211 845 3274 facultas
857 3211 1031 3264 existimanda
1046 3219 1091 3264 cst.

142 3349 145 3356 ν
197 3317 229 3378 2.
254 3311 408 3398 Sequitur
422 3313 456 3376 iu
471 3311 626 3398 primaria
640 3312 798 3376 sententia
814 3331 888 3374 cum
905 3313 1054 3398 graviore
1067 3335 1154 3378 asse·

114 3401 283 3464 venatione
307 3409 438 3478 tumea,
470 3407 501 3459 et
527 3406 698 3475 attamen,
741 3407 773 3461 et
809 3409 858 3460 ut.
919 3397 969 3462 Ci.
1009 3417 1154 3464 ET1ubss1

115 3507 150 3548 n.
167 3490 199 3550 6.
243 3484 440 3571 Saepissime
458 3481 514 3560 lit,
547 3493 581 3544 ut
600 3484 663 3546 etsi
685 3505 759 3546 cum
783 3483 955 3570 negatione
975 3485 1155 3572 eorriuuga-

115 3581 189 3652 tur,
212 3582 268 3636 aot
283 3571 317 3635 in
336 3569 566 3656 qualicumque
584 3570 741 3633 sententia
758 3570 904 3654 negativa
919 3581 1072 3658 ponatur.

218 3691 331 3744 Terent.
345 3692 415 3744 Hoc.
431 3688 456 3754 2,
478 3687 554 3753 2,.1.
578 3688 626 3740 etsi
645 3687 697 3740 scio
720 3707 785 3760 ego,
809 3691 981 3756 Philumena,
1009 3708 1093 3743 mcum
1114 3691 1156 3745 ius

183 3791 252 3841 esse,
268 3785 297 3829 ut
312 3783 337 3828 te
354 3791 463 3843 cogam,
485 3790 552 3841 quae
569 3791 618 3842 ego
632 3767 753 3842 imperem
765 3777 873 3840 sarcre,
899 3793 949 3844 ego
964 3782 1052 3827 tornea
1066 3776 1157 3844 patrio

89 3867 92 3872 '
186 3859 274 3910 anino
295 3860 377 3911 uictus
394 3859 515 3925 sociam,
542 3865 573 3908 ut
595 3857 643 3910 tibi
667 3858 812 3911 concedam.
848 3839 905 3912 liic.
927 3860 961 3910 ad
984 3861 1059 3913 Fam.
1080 3859 1106 3925 6,
1122 3860 1158 3914 18

185 3941 247 4008 (19)
261 3939 286 3995 6.
307 3945 356 3995 etsi
370 3945 442 3997 abest
457 3945 597 3997 maturitas
614 3943 727 4006 aetatis,
752 3943 806 3994 iam
821 3950 910 3995 tamen
924 3961 1066 4012 personare
1080 3963 1157 3998 aures

184 4025 240 4078 eius
253 4026 400 4079 huiusmodi
410 4029 515 4080 vocibus
526 4045 579 4079 non
594 4034 632 4078 est
646 4027 747 4079 inutile.
774 4025 816 4092 13,
825 4028 851 4092 1,
860 4027 885 4080 b.
904 4030 949 4097 qui
963 4031 1011 4081 etsi
1025 4037 1051 4080 te
1066 4030 1158 4099 aliqua

185 4109 371 4164 necessitudine
399 4112 552 4182 attingant,
587 4119 676 4164 tamen
694 4119 755 4164 tuus
781 4129 856 4164 amor
876 4117 904 4163 in
925 4130 965 4165 me
986 4131 1092 4182 sperare
1117 4133 1159 4168 me

186 4193 265 4264 sagit.
292 4209 318 4263 p.
335 4193 395 4247 Mil.
416 4195 442 4260 1,
460 4196 485 4251 1.
499 4197 547 4249 ad
563 4197 653 4250 Fran.
669 4196 694 4262 l,
706 4195 735 4248 ·l.
753 4193 812 4250 init.
848 4197 925 4250 Caes.
939 4199 972 4250 ll.
992 4199 1058 4268 gall.
1075 4197 1100 4284 l,
1114 4197 1159 4252 al.
