2782 4730
574 364 650 434 ΕΧ.
726 401 728 408 ·
1005 345 1008 356 ’
1053 371 1127 444 esi

91 521 246 606 inscript.
276 516 542 584 Orelk'Gollect.
571 539 610 604 pe
628 515 702 582 525.
736 515 780 600 of.
807 518 900 587 Misi.
926 521 1008 586 Obs.
1032 523 1075 588 T.
1098 529 1145 589 7.-

91 629 127 692 p.
143 611 217 670 359.
258 604 394 668 Salmas.
410 605 450 666 ad
460 604 636 689 Capitolina
652 602 789 666 Maxim.
799 610 850 668 20.
875 606 913 669 ad
932 607 1129 688 Gordian.7.

93 690 132 752 cd
156 689 256 769 Prob.
283 695 332 753 13.
384 689 450 752 Sed
479 687 786 772 quodSalmasius·
805 689 845 752 ad
876 690 1016 765 Trebell,
1048 693 1130 759 Poll.

95 774 234 840 Gallien.
250 781 281 839 2.
303 786 334 838 et
357 775 398 838 ad
421 773 564 836 Trebell.
583 771 676 860 Trig.
693 771 841 858 Tyrann.
857 777 887 854 5,
905 781 935 840 6.
949 780 1131 843 contendit

93 884 134 924 ex
151 857 315 924 militibus
331 861 418 924 circe
434 859 542 925 vocari
558 880 657 944 posse
670 858 844 940 militares,
861 863 917 946 qui
932 863 998 926 iam
1014 862 1130 928 militia

95 947 258 1024 exierant,
295 945 329 1007 id
354 966 394 1008 ex
419 965 457 1006 eo
482 943 649 1029 collegisse
669 943 813 1024 videtur,
854 946 941 1032 quod
966 948 1129 1012 Arnobius

93 1031 214 1095 dixerit
231 1053 271 1093 ex
285 1028 436 1092 moribus
448 1038 479 1091 et
497 1029 609 1092 Scbol.
625 1028 766 1092 luvenal.
781 1031 822 1093 ad
840 1037 870 1112 6,
888 1033 958 1097 105.
987 1031 1143 1118 Sergio-⁴

93 1117 164 1180 lum
178 1115 315 1180 nomine
335 1138 375 1177 ear
396 1112 597 1199 gladiatore
621 1114 779 1178 amarit..
804 1118 846 1179 nt
868 1117 1030 1194 Arnobius
1053 1119 1130 1182 haec

92 1201 150 1267 lib.
170 1219 201 1278 5.
219 1223 254 1286 p.
265 1203 317 1270 97,
326 1205 378 1266 33.
397 1197 546 1283 pecudes
562 1196 768 1286 etiamfinnt
784 1222 824 1262 ex
838 1201 988 1272 maribus
1004 1199 1131 1267 inatres

94 1295 126 1350 et
142 1283 336 1348 scholiastes
351 1304 454 1349 unum
469 1284 630 1354 intellexit
643 1283 669 1345 'e
691 1284 933 1370 gladiatoribus.
969 1287 1132 1373 Equidem

93 1392 173 1456 uero
189 1390 290 1432 unum
309 1369 419 1434 inveni
436 1368 566 1447 locum,
588 1368 621 1433 in
639 1371 761 1452 quoex
777 1370 896 1434 adulto
914 1395 988 1436 eum
1004 1371 1132 1459 signifi-

93 1464 163 1536 eat,
189 1453 245 1540 qui
263 1465 372 1518 exacta
389 1453 604 1518 adolescentia
621 1455 661 1516 ad
676 1451 800 1519 virilem
820 1468 956 1522 aetatem
972 1481 1132 1544 pervene-

91 1551 153 1625 rat.
195 1539 360 1604 Ammian.
388 1544 437 1618 16,
461 1543 492 1618 7,
517 1540 548 1602 5.
580 1539 730 1625 quernei
755 1537 921 1622 Capetans
947 1542 1134 1628 imperator

93 1625 175 1688 olim
190 1649 230 1688 ex
247 1624 366 1688 ndrilto
388 1625 523 1710 iamque
546 1637 717 1688 maturum
735 1625 870 1690 aridiret
887 1629 1028 1692 honesta
1049 1653 1134 1694 eita-

95 1710 230 1796 dentem
246 1723 279 1774 et
293 1723 405 1794 rectu,
415 1711 512 1774 natta
527 1710 584 1788 vel
598 1710 696 1775 renio
713 1723 801 1776 certe
814 1712 922 1800 digna
930 1727 1113 1798 peccasset.

179 1863 235 1928 Ill.
265 1871 294 1930 1.
321 1865 461 1931 Modum
485 1888 526 1930 ex
547 1865 750 1951 praepositio
770 1866 911 1947 indicat,
934 1869 1065 1956 quando
1080 1890 1132 1933 res

95 1950 217 2036 agenda
242 1971 281 2012 ex
313 1951 481 2035 aliquare
504 1951 570 2012 sire
594 1971 633 2012 ex
661 1951 767 2036 aliqua
792 1951 861 2036 lege
886 1975 921 2014 ac
946 1955 1134 2018 conditione

93 2035 255 2100 rationem
275 2044 305 2096 et
321 2049 475 2097 normam
492 2033 721 2120 depromptam
739 2035 856 2114 habet,
875 2047 907 2099 et
922 2039 997 2103 inde
1015 2040 1134 2124 pendet

95 2123 226 2183 interno
247 2119 389 2202 quodam
414 2139 513 2182 nexu.
559 2119 628 2181 Alia
652 2120 700 2182 via
723 2120 761 2182 ad
788 2122 938 2186 eamdem
961 2125 1133 2190 notionem

96 2202 250 2290 perducit
285 2203 479 2288 vocabulum
506 2203 700 2267 secundnm.
756 2205 853 2284 Quod
885 2207 922 2270 fit
951 2210 1134 2274 secundnm

96 2299 278 2367 naturam,
315 2287 460 2373 seqnitur
491 2291 582 2361 enm.
619 2289 709 2375 quod
738 2301 846 2368 autem
870 2291 909 2354 fit
931 2317 970 2357 ex
994 2307 1133 2377 natura,

99 2399 117 2436 a
140 2383 256 2437 natura
280 2372 313 2454 id
339 2373 646 2460 acceptum'babet,
682 2375 773 2460 quod
803 2377 909 2463 ipsum
934 2380 1133 2446 moderetur.

94 2461 280 2548 Vtrumque
305 2469 352 2522 est
372 2456 465 2535 nacci,
496 2460 602 2532 nacla,
631 2456 790 2546 gemdfe:
826 2471 857 2524 et
883 2462 995 2526 dicunt
1020 2467 1135 2532 Graeci

97 2545 213 2609 codem
239 2545 464 2609 modoetiam
489 2547 530 2609 ἐκ.
582 2545 643 2607 Sed
674 2565 741 2607 non
767 2547 888 2610 multae
912 2561 989 2611 sunt
1016 2549 1134 2616 latinae

95 2631 324 2716 loquutiones,
349 2652 430 2718 quae
449 2632 545 2720 etiarn
562 2629 743 2694 secundnm
760 2631 950 2709 admittant,
972 2657 1033 2698 nec
1051 2634 1134 2700 dici-

95 2727 175 2778 1555
188 2716 343 2781 Cicerone
382 2717 489 2779 uidem
504 2715 686 2779 secundnm
700 2716 792 2802 leges
809 2717 1053 2784 administrare
1061 2744 1134 2786 rem

88 2800 285 2889 publicam,
314 2739 378 2865 *scil
404 2825 443 2866 ex
465 2799 628 2888 legibus.
662 2803 767 2888 Atque
797 2803 957 2866 subtiliter
987 2806 1132 2870 Seborus

96 2887 211 2954 P-hras.
243 2887 406 2974 lat.·ling.
439 2909 472 2972 p.
506 2891 578 2952 127.
610 2886 760 2950 observat
792 2885 889 2952 haec:
928 2890 1147 2968 „secundnm

96 2996 114 3040 5
132 2973 289 3038 Cicerone
310 2995 379 3036 non
403 2973 610 3056 coniungitur
629 2973 813 3036 istiusmodi
836 2975 1042 3055 nominibus,
1072 2977 1135 3039 nisi

94 3059 129 3122 in
152 3059 216 3124 hoc
239 3078 353 3120 sensu:
381 3057 564 3122 secundnm
586 3068 749 3120 nutrirem
772 3058 902 3126 virere.-
931 3060 999 3124 aliis
1023 3061 1133 3124 modis

95 3166 164 3208 non
189 3143 367 3208 invenies.“
410 3142 447 3206 Id
473 3163 569 3220 vera,
600 3141 688 3225 quod
713 3142 855 3227 aliquam
878 3166 950 3208 rem
975 3145 1133 3232 agendam
1184 3149 1185 3156 ’

92 3230 305 3303 moderetur,
327 3236 383 3288 aut
404 3249 524 3290 norma
549 3235 597 3288 est
623 3237 654 3289 et
677 3239 904 3316 praeceptum,
933 3240 987 3304 aut
1010 3233 1136 3316 sempi-

95 3325 188 3379 terna
205 3311 370 3390 conditio,
392 3335 409 3374 a
426 3333 489 3396 qua
505 3333 572 3372 non
590 3310 787 3387 discedatur,
818 3323 872 3377 aut
887 3314 1015 3380 interna
1031 3319 1137 3381 actio-

94 3403 144 3472 nis
160 3399 307 3482 indoles,
329 3397 427 3464 veluti
447 3391 591 3482 enfide,
612 3419 651 3460 ex
665 3399 801 3483 gratia.

199 3520 256 3574 Cic.
273 3519 355 3578 Tnsc.
371 3515 397 3582 5,
416 3515 441 3582 2,
457 3513 482 3568 5.
503 3523 540 3568 eet
561 3523 647 3568 nutem
668 3535 735 3568 nnuc
756 3512 812 3569 ilice
830 3518 892 3570 bene
907 3501 933 3569 et
947 3534 978 3568 en
989 3521 1136 3588 praeceptio

162 3606 215 3657 tuis
238 3611 310 3656 nctus
328 3601 448 3672 peccanti
473 3601 667 3652 immortalitati
690 3603 892 3668 anteponendus.
921 3619 947 3668 p.
963 3602 1043 3653 Roec.
1058 3603 1133 3658 Com.

164 3687 207 3755 18,
222 3685 264 3740 56.
286 3688 330 3756 qni
352 3705 385 3739 ex
400 3673 620 3753 iurisperitorum
636 3684 780 3737 concilicet
795 3686 952 3740 anctoritate
966 3685 1136 3754 restipulare-

164 3779 209 3826 tur
224 3791 241 3824 5
257 3771 361 3826 Fannio
377 3771 527 3840 diligenter.

199 3873 255 3926 llic
274 3890 337 3926 usus
360 3874 492 3926 formulas
516 3869 633 3926 confecit
652 3871 800 3939 permultas
824 3867 925 3936 ubique
947 3868 1051 3922 obvies.
1093 3871 1137 3926 Er

164 3965 311 4026 praecepto.
337 3959 396 4012 Vid.
415 3959 521 4020 Cottius
537 3959 572 4011 nd
585 3957 696 4012 Sallust.
714 3957 773 4009 cat.
790 3952 832 4018 41,
843 3953 868 4006 l.
886 3953 946 4022 lug.
963 3952 1136 4018 155951.

165 4057 196 4093 55
211 4031 301 4092 edicto.
335 4041 391 4094 Cic.
409 4061 433 4110 p.
449 4041 541 4111 Quint.
556 4042 582 4108 8,
597 4041 638 4094 30.
654 4041 802 4098 crdecretc.
839 4037 1076 4103 5155515553,
1091 4037 1135 4092 56.

166 4113 197 4177 55
212 4133 317 4176 cenatur
334 4127 456 4178 consulto.
485 4126 539 4177 vid.
557 4119 629 4178 Coit.
645 4125 681 4176 nd
695 4125 806 4194 Sallust.
823 4123 882 4176 cat.
892 4121 965 4187 423.
986 4141 1015 4174 er
1029 4129 1136 4198 renutet

166 4209 304 4264 sententia.
330 4207 388 4261 Cic.
404 4208 438 4260 ed
454 4209 531 4262 Fani.
542 4205 585 4277 12,
602 4207 627 4274 5,
642 4209 667 4264 2.
689 4205 847 4274 515553,
864 4203 889 4258 6.
911 4225 944 4260 cx
959 4207 1064 4276 collegii
1076 4223 1136 4262 een-
