2782 4730
244 350 308 412 602
666 331 668 338 “
702 329 814 399 ETSI.

312 505 342 554 at
357 495 471 556 cumae,
493 486 543 544 etsi
563 487 678 542 noudum
698 493 787 542 eorum
801 485 938 542 eonsilium
952 494 1129 559 agnoverat,
1156 494 1246 544 tamea
1260 499 1283 545 et

312 603 343 639 ω
357 586 449 635 meatu
470 575 579 628 nauium
600 591 722 639 suarum,
747 582 773 627 et
795 591 826 626 es
846 589 892 637 eo,
917 574 986 641 quod
1008 573 1108 627 msidee
1123 575 1189 628 dare
1204 577 1283 628 imter-

309 669 451 726 miseraat,
472 663 534 726 sore
549 660 595 726 id,
623 660 691 730 mund
706 659 817 723 aoeidit,
840 659 1034 726 suspicabatur.
1077 660 1140 725 Qae
1161 657 1283 712 dictionis

310 755 401 806 forma
416 743 574 812 saepissime
590 744 692 796 Gaesao
708 742 802 796 utitor.
819 741 947 806 vd.‹l,2⁰.
963 739 1007 794 35.
1041 743 1192 798 PlinPan.
1203 743 1245 809 7⁰,
1258 744 1281 798 6.

311 838 399 892 aditae
415 839 503 886 autem
523 830 666 897 quamlibet
686 829 789 882 sincero
811 834 933 895 rectaque
947 827 1057 896 ingenia
1071 829 1120 881 etsi
1133 827 1187 880 moli
1200 830 1282 881 detor·

310 921 420 991 puebat,
437 915 577 968 hebetabat
599 920 689 967 tameo
711 913 824 976 misera,
853 912 899 963 sed
926 929 990 964 uera
1013 913 1154 980 reputatio.
1187 912 1281 983 Virgit

311 1005 379 1060 Aen.
392 1001 418 1065 9,
435 997 478 1051 44.
497 1015 562 1068 ergo
584 999 634 1051 etsi
656 1000 773 1063 eoaserre
793 1013 903 1049 martum
922 998 1011 1066 pudor
1035 997 1128 1064 impie
1147 1004 1282 1062 monstrat,

310 1087 437 1142 obiiciunt
447 1090 541 1152 portas
557 1090 659 1146 tomen,
680 1088 706 1134 et
718 1088 860 1152 praecepta
871 1085 1016 1148 facessunt.

346 1192 460 1243 Inversa
485 1191 621 1239 structura
644 1183 734 1238 Plaut.
758 1185 819 1238 cns.
840 1183 866 1248 6,
889 1181 977 1248 316.
1005 1184 1101 1253 vopulo
1129 1183 1215 1235 hercle
1236 1201 1283 1254 ego

312 1277 411 1328 invitos
425 1280 528 1336 tamem,
547 1272 596 1324 etsi
609 1272 708 1323 malum
721 1270 813 1322 merui.
840 1269 911 1323 Rau.
927 1268 953 1334 5,
964 1267 990 1333 2,
1001 1266 1044 1320 63.
1062 1275 1151 1324 tamea
1159 1270 1220 1335 fiet,
1237 1269 1284 1320 etsi

311 1367 341 1414 tu
349 1361 434 1428 fidem
448 1359 599 1410 servaveris.

348 1461 460 1514 Terent.
473 1459 562 1512 llenn.
578 1457 693 1525 2,1,13.
710 1475 773 1510 aum
786 1457 828 1510 isia
839 1455 944 1520 Clinia,
963 1456 1014 1510 etsi
1025 1456 1049 1508 is
1064 1473 1164 1525 quoqne
1177 1472 1284 1510 marum

312 1561 401 1601 rerum
417 1544 535 1613 satagit,
551 1551 667 1595 attamen
683 1542 761 1594 tabet
775 1543 838 1594 tene
853 1548 879 1594 et
886 1541 980 1611 pudice
995 1542 1123 1596 muctam.

345 1645 481 1713 Exempla
501 1644 637 1697 vocabuli·
649 1653 679 1698 at
694 1643 758 1696 vido
777 1660 804 1697 n.
822 1642 847 1697 6.

326 1773 359 1832 δ.
383 1765 466 1829 Item
483 1771 663 1848 sequuntur
676 1774 765 1827 certe
773 1812 782 1844 ,
806 1771 964 1842 at‘oerte,
988 1763 1127 1842 saltem,
1146 1784 1284 1828 verom-
1371 1755 1372 1786 l

242 1868 376 1931 tamem,
408 1862 523 1914 tomen
539 1847 645 1911 nitito
660 1849 782 1912 minus.
824 1849 1036 1914 Recentiores
1055 1850 1208 1915 dixerunt
1227 1849 1284 1914 ai-

243 1934 683 2017 ioilominus‚mihilominus
699 1945 826 2002 tamem.

346 2056 404 2110 (lie.
418 2075 446 2125 p.
461 2055 547 2108 More.
561 2052 587 2119 6,
601 2054 643 2107 13.
665 2056 714 2108 etei
729 2056 820 2123 aliqua
833 2057 911 2124 mtpa
924 2063 1042 2110 tenemur
1051 2055 1148 2109 erroris
1163 2053 1284 2118 humaui,

311 2159 331 2197 te
347 2143 441 2194 scelere
463 2147 530 2192 certe
550 2139 655 2192 liberati
674 2156 769 2192 memus.
804 2139 864 2192 Lis.
879 2138 945 2204 3,.8,
961 2140 1003 2193 lo.
1024 2141 1070 2194 ubi
1085 2140 1134 2192 etei
1153 2139 1285 2190 adiectum

309 2227 411 2296 aliquid
427 2241 534 2276 numero
551 2225 599 2289 sit,
618 2241 722 2294 magua
737 2231 803 2276 certe
818 2225 908 2277 caedes
919 2226 984 2290 suit.
1002 2223 1044 2289 25,
1055 2221 1081 2289 6,
1091 2224 1116 2276 2.
1135 2221 1179 2274 vd.
1189 2239 1215 2274 n.
1224 2221 1251 2274 6.

346 2328 407 2380 htv.
421 2326 447 2391 2,
462 2325 505 2391 43,
519 2325 543 2379 8.
569 2343 615 2377 aee
631 2327 690 2378 illos
704 2327 752 2378 etsi
768 2344 821 2378 aon
836 2327 989 2380 adhortatio
1006 2327 1086 2380 inuisi
1100 2325 1187 2389 dacis,
1210 2342 1287 2377 mum

311 2415 406 2467 saltem
418 2413 558 2481 flagitium
580 2418 605 2462 et
625 2411 756 2478 publicum
775 2411 973 2478 inpraesentia
996 2412 1121 2476 dedecus,
1147 2411 1286 2479 postmodo

308 2499 467 2568 perieulum,
486 2497 510 2548 si
525 2495 629 2548 animus
640 2496 708 2548 hosti
723 2495 846 2561 redisset,
871 2513 964 2567 eogere
975 2497 1063 2566 potuit
1076 2495 1194 2565 gradum
1213 2511 1287 2547 aoso

311 2585 406 2636 letare.

347 2686 458 2737 Terent.
469 2683 552 2735 Phor.
564 2681 590 2747 2,
605 2681 631 2748 3,
646 2681 690 2736 66.
708 2683 756 2736 etsi
767 2683 834 2735 miti
842 2677 921 2749 fa'ota
935 2681 1079 2749 iniuriosi,
1095 2699 1185 2735 ornem
1195 2689 1288 2735 tamem

309 2771 412 2840 potius,
445 2785 523 2837 quam
540 2768 597 2820 lites
611 2775 707 2832 secter,
733 2775 781 2821 out
795 2785 874 2836 wem
890 2775 916 2819 te
932 2769 1057 2832 audiam,
1086 2768 1177 2820 itidem
1193 2776 1225 2820 ut
1243 2787 1288 2821 eo-
1370 2825 1371 2852 ¹

310 2861 398 2924 gnata
415 2853 439 2905 si
450 2853 500 2917 sit,
520 2853 549 2905 id
563 2853 630 2920 queo
645 2853 685 2904 lea
699 2853 769 2905 iubet
784 2854 869 2904 dotem
879 2852 959 2917 dore,
978 2853 1078 2905 aidane
1093 2853 1178 2918 lamo,
1198 2853 1288 2908 mimas

311 2939 421 3006 quiaque
436 2937 530 3004 aeeipe.
566 2935 623 2988 cte.
639 2935 674 2988 nd
687 2936 742 2990 Ait.
761 2935 861 3004 14,1t.
885 2938 933 2990 etsi
951 2937 1073 3008 latinitas
1095 2944 1153 2990 erat
1176 2941 1288 3004 morese-

310 3023 410 3076 reuda.-
430 3038 519 3073 uerum
533 3028 630 3074 tamea.

346 3124 403 3178 cie.
414 3103 608 3192 psClnentlfl,
617 3121 660 3174 36.
676 3121 798 3176 nonnulli
812 3128 899 3176 autera
913 3123 1046 3189 homiues,
1062 3124 1107 3193 poi
1120 3126 1168 3178 lene
1181 3131 1289 3178 motae·

311 3217 388 3274 ruat,
406 3227 455 3278 pao
478 3211 583 3278 putoque
606 3210 694 3260 auimo
714 3209 780 3276 quid
795 3211 914 3273 feneret,
940 3209 1054 3277 spectari
1074 3216 1210 3276 oportere,
1236 3211 1290 3262 etsi

310 3295 360 3348 alii
380 3293 492 3362 peeuaia
513 3301 619 3362 accepta
641 3311 729 3346 oerum
753 3293 920 3359 iudicabant,
953 3301 1043 3346 tamen
1058 3294 1142 3346 nitito
1157 3295 1245 3346 misus
1261 3312 1290 3346 se

309 3379 485 3448 superioribus
498 3379 551 3431 suis
565 3378 669 3430 iudiciis
682 3386 801 3430 constare
814 3379 947 3447 putabant
962 3385 1088 3448 oportere.
1122 3378 1237 3431 Paullus
1258 3379 1290 3432 in

308 3463 373 3536 mg.
385 3462 427 3526 29,
444 3462 470 3525 t,
485 3460 511 3525 8,
525 3460 550 3512 3.
579 3480 641 3514 nara
656 3462 704 3514 etsi
718 3471 853 3530 postumus
874 3469 952 3514 uatm
976 3462 1078 3530 ruperit
1100 3469 1293 3516 testamentum

310 3554 336 3599 et
350 3545 501 3608 decesserit,
520 3545 688 3598 nihilomiuus
702 3547 815 3599 codicilli
828 3547 925 3598 valent.
960 3546 1102 3615 Tryphon.
1116 3545 1148 3624 jn
1160 3546 1226 3616 llig.
1241 3547 1292 3614 23,

307 3631 339 3696 3,
353 3629 404 3694 78,
421 3629 447 3682 2.
470 3628 515 3680 sed
536 3629 585 3681 etsi
597 3647 650 3681 aaa
664 3630 698 3682 sit
713 3632 798 3697 fundi
820 3632 942 3695 domina,
966 3631 1137 3684 mihilominus
1161 3635 1294 3702 competit

308 3715 377 3769 dotis
393 3703 479 3778 aetio,¹
502 3719 532 3765 ut
547 3713 663 3767 dimittat
685 3733 704 3768 a
721 3732 748 3767 se
769 3716 881 3767 maritus
899 3718 1097 3781 usumfructum.
1125 3715 1236 3782 leinn.
1260 3717 1294 3770 in

309 3800 373 3870 lug.
389 3799 415 3864 3,
431 3798 457 3864 3,
473 3796 515 3850 28.
533 3799 585 3850 'sed
607 3799 656 3850 etei
670 3806 738 3868 agot
751 3807 909 3868 procurator
925 3816 996 3852 meus
1016 3817 1047 3852 eo
1064 3815 1096 3852 ea
1112 3800 1293 3868 stipulatione

309 3901 349 3937 me
364 3883 463 3947 inuito,
478 3883 648 3937 nihilomiuus
665 3891 755 3937 tamea
775 3884 841 3936 milii
862 3901 892 3936 er
912 3884 1042 3953 stipulatu
1057 3883 1125 3937 aetio
1141 3885 1292 3938 tribuetur.

309 3967 450 4036 Tryphon.
465 3965 508 4031 23,
523 3963 548 4032 2,
564 3965 607 4032 67,
623 3965 648 4020 6.

323 4067 354 4131 4.
380 4069 516 4135 Ponitur
538 4070 643 4136 etiam
664 4070 700 4141 io
719 4068 914 4138 affirmanda
929 4072 1089 4138 sententia
1112 4072 1292 4160 primaria.

135 4201 139 4212 .
243 4153 354 4233 Quare
378 4175 448 4219 non
469 4155 665 4224 mirabimur
687 4156 838 4228 Plautum
860 4159 979 4228 dixisse
1002 4159 1110 4230 etiam
1131 4159 1219 4244 etsi,
1255 4161 1294 4226 in
