2802 4744
413 407 417 420 .
469 343 652 416 CASSVM.
699 341 842 419 CASSE.
1161 355 1184 418 t

106 511 271 574 ‚vacum
287 497 632 577 maromontem
653 495 817 584 videmur.
861 497 1030 575 caraem
1052 501 1183 590 dicitur,

109 583 215 672 quod
242 601 384 660 vacuum
404 583 621 664 estfactum,
651 607 806 668 cassam,
834 585 927 673 quod
959 598 1008 654 cat
1032 609 1182 674 vacuum,

111 671 221 734 sicuti
241 669 393 737 lassatas
412 679 445 736 et
463 670 592 752 laesus,
601 665 727 760 fatua,
746 669 929 762 fatigatur
944 671 1101 762 etseaam
1115 673 1180 742 dii-

113 755 249 826 ferunt.
293 756 420 820 Littera
436 754 478 819 V
495 756 606 822 omitti
622 767 773 842 poterat,
796 758 922 841 quippe
942 778 1026 902 (puae
1042 760 1180 820 auxilia·

113 843 167 911 ris
191 851 295 919 esset,
322 851 360 906 ut
380 842 416 906 ia
441 840 538 916 tato,
561 861 685 920 norea,
709 839 790 904 cris.
829 839 890 922 ,ab
914 859 951 904 aa
976 862 1030 904 em
1053 841 1181 926 origiue

115 925 294 998 deseendit
324 947 438 994 careo.
482 925 638 993 -Caaeam
658 924 760 1012 igitur
785 922 949 1010 siguificat
969 925 1023 1000 id,
1052 928 1089 994 iu
1111 947 1178 1012 quo

116 1021 179 1076 aut
194 1011 280 1076 nihss
304 1021 375 1090 est,
397 1021 541 1080 autnon
569 1009 673 1092 inest,
689 1007 785 1096 quod
810 1011 916 1078 inesse
938 1008 1047 1076 debet.
1089 1010 1180 1078 Neu-

116 1108 216 1162 trum
232 1119 297 1184 pro
312 1096 467 1162 adverbio
480 1093 635 1185 ponitur,
659 1093 943 1182 quemadmodum
957 1093 1098 1165 datium
1113 1119 1179 1162 an·

116 1182 200 1247 nuit
227 1181 315 1271 apud
345 1181 488 1246 Statium
517 1181 627 1246 Theb.
652 1181 798 1259 10,134.
829 1193 1007 1256 aeteruum
1030 1179 1181 1246 atridem

119 1275 163 1348 1,
191 1269 265 1334 599.
318 1266 371 1332 Sic
399 1267 484 1332 dixit
507 1268 629 1332 Seneca
652 1267 751 1332 Herc.
780 1263 855 1331 oet.
880 1267 956 1334 352.
986 1265 1071 1355 quid
1101 1267 1181 1353 ipra

117 1353 290 1446 flammea
300 1355 423 1440 pascis
441 1365 474 1430 at
489 1349 835 1441 castrumforteaultra
858 1350 1012 1422 dolorem
1027 1349 1182 1423 mirera?

118 1437 209 1528 quid
232 1461 365 1504 cassam
384 1437 513 1510 timet?
542 1433 608 1506 'Est
632 1439 832 1504 accusativus
844 1483 854 1519 ,
876 1439 968 1504 ouius
986 1461 1027 1506 ex
1053 1435 1176 1506 licendi

116 1524 286 1590 'auxilium
302 1529 373 1602 non
398 1525 550 1614 petamus
572 1549 590 1590 a
613 1523 864 1612 praepositione
886 1523 943 1606 ira,
966 1534 1004 1589 ut
1023 1459 1180 1590 Baedor-

16 1665 17 1673 ,
117 1609 194 1676 lino
224 1610 374 1694 videtur,
405 1609 463 1676 aad
488 1619 617 1676 constat
647 1631 706 1674 sua
732 1611 804 1760 ipse
828 1609 977 1691 ratione,
1012 1629 1096 1698 quae
1128 1620 1179 1675 est

116 1697 333 1779 dit-cationis,
384 1696 459 1765 lene
486 1717 659 1785 expressae
689 1715 747 1760 ver
770 1695 797 1760 is
820 1695 859 1760 in
890 1715 1036 1762 eaerum.
1066 1695 1178 1761 “Hine

118 1783 255 1874 glossae
284 1719 401 1872 Cyriiii
430 1780 545 1865 μάτην,
564 1779 726 1871 frastra,
757 1804 799 1846 ne
821 1778 1002 1871 uidquam,
1031 1803 1177 1848 caseum.

116 1867 375 1934 ubisMartiaius'
398 1868 440 1934 T.
457 1873 488 1933 2.
513 1889 548 1956 p.
565 1873 618 1933 89.
650 1803 885 1972 corrigendum
908 1876 1019 1934 censet
1042 1868 1081 1932 ia
1099 1891 1178 1934 caa-

118 1977 211 2018 sam.
233 1951 372 2019 Etreete
383 1953 517 2040 quidem
535 1974 672 2020 caratam
688 1960 721 2016 et
737 1975 776 2016 m
788 1973 922 2017 cesarem
937 1953 1005 2018 acci
1031 1953 1098 2018 itur
1112 1976 1176 2042 pro

116 2041 284 2122 inaniter,
310 2040 381 2105 sine
401 2039 531 2122 effectu.
572 2037 621 2104 Ita
636 2039 851 2125 componitur
867 1975 1072 2122 eumveriis,
1115 2061 1178 2107 uae

117 2129 256 2191 motum
276 2125 310 2189 in
332 2127 459 2214 agendo
485 2122 688 2210 significante
711 2125 749 2189 ira
773 2147 907 2188 cassum
929 2124 1054 2190 cadere
1071 2061 1176 2192 Piaut.

116 2213 225 2296 Poen.
250 2215 287 2289 1,
304 2217 342 2290 2,
364 2211 438 2276 147.
468 2208 620 2278 recidere
644 2209 805 2290 Columei.
829 2211 868 2283 4,
886 2216 927 2292 3,
943 2212 975 2277 5.
1010 2211 1049 2276 in
1073 2233 1101 2278 e.
1124 2211 1177 2279 ire

115 2299 243 2364 Lucan.
264 2301 490 2380 2205111111
512 2294 708 2362 transfertur
735 2295 774 2360 ad
800 2299 1045 2386 quamcumque
1067 2297 1176 2362 actio-

117 2405 222 2463 nem,
242 2381 330 2446 unde
347 2383 385 2447 in
397 2400 431 2447 e.
456 2404 563 2475 agere
584 2381 714 2468 Sallust.
739 2381 831 2448 Orat.
850 2381 954 2445 Macri
975 2388 1024 2446 11.
1042 2405 1078 2470 p.
1097 2387 1174 2448 970.

117 2467 215 2534 Cort.
242 2469 415 2534 incassum
424 2464 524 2570 thrit
546 2467 662 2560 virgil.
687 2468 809 2552 Georg.
832 2471 962 2543 3,100.
993 2476 1030 2528 ut
1053 2467 1175 2532 Statius

113 2553 230 2619 Theb.
252 2555 290 2632 4,
313 2557 387 2630 535.
417 2575 523 2620 toene
544 2549 681 2640 furens.
707 2551 881 2614 incassum
911 2549 1036 2612 missac
1084 2573 1176 2620 reses

102 2640 195 2712 Τήν.
211 2643 250 2720 2,
265 2639 323 2721 49,
340 2643 371 2704 8.
393 2639 567 2703 ineassum
581 2637 748 2702 disserere
763 2633 870 2700 Tacit.
894 2635 979 2696 Ann.
999 2638 1035 2714 1,
1074 2676 1084 2697 .

234 2747 277 2808 Ad
291 2749 390 2820 virgil.
412 2751 479 2808 Aen.
500 2749 535 2816 ἵ,
550 2747 611 2806 tel.
636 2743 824 2804 tofiacassaat
840 2747 918 2812 susos
934 2743 1038 2813 patiere
1063 2743 1174 2799 laboret.

108 2885 110 2890 ,
188 2835 302 2892 Servius
323 2837 410 2893 haser
429 2835 494 2890 dicit
509 2841 612 2900 actem,
630 2841 661 2888 at
681 2839 721 2888 tot
735 2831 778 2884 snt
798 2829 901 2882 latores
913 2829 1070 2896 faedaretur
1087 2829 1175 2882 tacue-

189 2939 262 2984 ram,
280 2921 379 2985 idest,
396 2919 546 2978 trissitant
564 2919 673 2972 cadant.
716 2917 850 2976 Incassum
864 2923 952 2970 autem
969 2921 1085 2969 tractum
1104 2919 1143 2965 est
1157 2931 1176 2966 a
1291 2943 1293 2946 ·

187 3005 318 3070 cessitas,
345 3005 375 3062 id
396 3010 450 3070 est,
468 3003 576 3059 actitat.
609 3001 655 3058 lta
677 3017 747 3076 quae
768 3000 893 3058 derivata
910 3003 990 3066 suat,
1023 3015 1073 3072 pra
1098 2997 1175 3051 tonte

113 3089 117 3098 '
143 3141 168 3170 1,
188 3089 334 3146 habeatur.

204 3207 326 3272 Vtrum
348 3206 385 3272 in
409 3226 517 3269 uuum
540 3201 680 3270 verbum
710 3175 929 3289 coniungatur
957 3199 1173 3348 praepositio,

119 3317 161 3362 an
180 3313 332 3358 seorsum
349 3291 533 3373 scribatur,
554 3309 674 3377 parum
695 3286 815 3368 refert,
837 3309 898 3352 nec
918 3285 1013 3352 facila
1057 3308 1173 3352 emon·-

117 3379 219 3446 strari
249 3387 381 3466 potest,
416 3377 496 3464 quid
526 3377 741 3463 antiquorum
772 3375 978 3466 scriptorum
1008 3393 1085 3437 usus
1115 3372 1173 3438 ad·

117 3467 265 3533 sciverit.
372 3507 374 3510 -
977 3503 980 3508 -
1198 3489 1201 3492 ·

205 3561 330 3651 Cassa,
360 3549 458 3661 quod
476 3571 681 3638 Foreeilinus
714 3571 817 3636 Tom.
839 3569 872 3633 4.
892 3527 937 3656 p.
962 3567 1037 3633 594.
1060 3566 1172 3632 nescio
1236 3651 1238 3655 Ι
1316 3651 1319 3655 ,
1397 3601 1398 3638 3

118 3659 209 3726 unde
229 3658 345 3741 affert,
368 3658 565 3724 vocabulum
589 3668 659 3736 crat
681 3656 845 3724 veteribus
868 3653 1093 3743 incognitum,
1115 3651 1173 3726 sed

120 3747 263 3814 sortasse
285 3745 324 3810 ab
340 3744 429 3810 Itaiis
449 3754 658 3832 usurpatum.
702 3743 812 3806 Etiam
836 3761 949 3816 cesse,
976 3738 1066 3826 quod
1089 3738 1175 3824 legi-

120 3844 174 3898 tur
188 3831 280 3922 apud
294 3831 423 3895 Livium
441 3831 501 3912 24,
518 3835 580 3906 26,
597 3835 648 3898 10.
672 3827 798 3893 aversis
815 3823 955 3890 auribus
972 3823 1173 3910 animisque,

120 3941 213 3984 casae
228 3940 272 3984 ne
289 3929 422 4003 tempas
441 3925 625 3998 tereretur,
638 3911 776 4002 ferrum
799 3911 965 3998 quosdam
988 3907 1172 3997 expediere·
1246 3972 1249 3977 .

119 4017 168 4070 tes
191 3999 360 4070 cernebat.
380 4000 501 4066 frustra
523 3997 818 4068 Drakenborchius
842 3997 1017 4074 defendere
1041 3995 1172 4076 videtur

117 4088 334 4171 Ecbatanis,
354 4087 460 4176 quiin
477 4085 617 4152 Praefat.
634 4085 674 4151 ad
684 4083 843 4150 Schelleri
858 4085 941 4150 Lex.
956 4106 991 4170 p.
1002 4083 1077 4148 508.
1094 4077 1173 4149 edit.

118 4175 348 4247 Friedemaun·
362 4173 533 4244 emendata
558 4167 1057 4258 aversis·auribuaonimt'sque,
1074 4167 1175 4257 quari
