2782 4730
485 337 739 419 turturum.
974 334 976 344 ’
1078 360 1142 424 aar

108 511 212 579 ,adhue
234 507 351 585 fuisse,
377 529 460 596 qaae
482 517 597 594 postea
621 529 691 570 nou
715 517 801 588 erat,
831 509 855 574 i.
874 530 901 573 e.
923 519 995 573 tam
1017 509 1139 592 adhue,

110 597 243 662 dama-ia
257 597 361 675 noct,
392 595 443 660 vel
464 615 536 657 rem
560 594 640 657 olim
662 591 763 656 fuisse
784 615 854 656 nou
870 605 1049 678 mutatam,
1084 601 1140 664 sed

67 713 73 729 ·
108 694 266 772 perpetuo
295 681 462 755 eamdem,
499 700 581 765 quae
611 686 704 742 autea
733 677 868 756 fuisset,
904 681 926 744 i.
948 701 975 744 e.
1004 681 1141 748 domata

108 770 225 832 immer
239 770 334 832 uoela.
378 765 441 830 Sed
458 763 662 848 grammatici
677 785 761 828 nova
779 764 951 829 ediderunt
967 781 1141 854 praecepta

108 855 211 918 haeae
228 854 307 916 duas
322 873 390 916 esse
408 850 550 926 formas,
573 871 711 934 quarum
730 849 829 913 altera
848 853 1026 921 etiamtum
1038 854 1140 939 rigui·
1183 869 1188 872 “

109 939 176 1004 ficet
187 939 309 1018 aditur,
326 947 357 1000 et
371 934 547 1000 secundam
563 945 688 1021 purtem
705 933 820 998 habeat
830 936 1024 1013 encliticam,
1041 939 1140 1008 altera

108 1028 305 1096 etiamtunc
321 1024 455 1086 denotet
468 1020 555 1086 actea
566 1033 661 1098 tuae,
680 1019 745 1101 ita,
761 1032 796 1084 ut
812 1032 950 1106 utraque
968 1045 1033 1089 vox
1046 1046 1139 1089 auam

107 1113 171 1176 vim
191 1110 329 1198 proprio
353 1117 485 1170 accentu
512 1115 692 1169 conservet.
736 1105 867 1192 Antiqui
884 1111 1084 1194 grammatici
1100 1111 1140 1176 de

108 1197 166 1260 hae
199 1219 234 1260 re
263 1192 347 1266 nihil
371 1189 551 1271 tradidere,
596 1212 703 1276 nequa
739 1191 825 1254 ullas
853 1192 1078 1258 loerra'exstat
1105 1197 1140 1260 iu

108 1292 254 1346 veterum
269 1280 469 1364 scriptorum
492 1275 602 1350 libris,
624 1277 659 1340 iu
683 1297 748 1362 quo
773 1288 844 1341 tam
863 1279 928 1342 sive
945 1289 1041 1358 tuno,
1063 1291 1141 1378 post

108 1367 212 1431 etiam
230 1364 376 1451 positum
393 1375 422 1428 et
442 1385 516 1425 cum
534 1384 573 1426 eo
596 1362 792 1442 cohaerens,
825 1385 894 1426 uon
918 1385 982 1434 uua
1004 1375 1139 1430 uotroue
1243 1411 1248 1414 -

8 1449 9 1456 '
106 1472 239 1537 unoque
257 1459 391 1514 accentu
407 1450 634 1534 coniungatur.
676 1447 803 1535 Nempe
818 1448 872 1512 ubi
888 1451 1139 1536 exprimendum

107 1546 175 1600 erat
199 1548 270 1600 tam
296 1534 401 1616 adeo,
431 1534 585 1598 dixerunt
608 1545 680 1596 tum
702 1533 826 1612 etiam,
859 1535 1140 1620 quemadmodum

8 1633 9 1638 ’
106 1619 291 1688 formantur
315 1631 387 1683 tam
413 1618 566 1698 demam,
597 1630 670 1681 tum
696 1617 847 1705 denique.
899 1621 970 1682 Vna
993 1631 1041 1686 est
1064 1620 1139 1685 for-

8 1701 9 1772 ]
106 1708 194 1772 mula
212 1707 388 1778 verborum
407 1717 495 1784 tam,
517 1727 635 1791 qurum,
661 1705 694 1767 in
710 1725 771 1789 qua
792 1719 862 1772 tram
885 1703 924 1768 ab
942 1707 1047 1770 etiam
1063 1707 1139 1770 abs.

8 1779 9 1808 i
105 1791 261 1871 trahitur,
291 1801 398 1854 etsua
421 1792 451 1853 vi
474 1801 644 1868 constans,
678 1809 719 1852 ex
741 1790 838 1854 alteru
856 1801 947 1876 parte
963 1793 1141 1878 respondet
1201 1794 1209 1804 ”

8 1881 9 1964 J
104 1878 265 1944 vocabulo
281 1898 398 1962 ararim,
416 1875 504 1961 quod
524 1876 600 1938 illud
619 1873 780 1940 attrahere
794 1876 931 1939 videtur.
975 1878 1035 1942 Est
1050 1879 1140 1942 euim

103 1965 313 2034 etiamtum,
337 1983 436 2047 queram
457 1961 490 2022 id
509 1959 596 2046 qaod
613 1961 699 2022 auctr
715 1959 868 2036 damula,
892 1961 955 2029 ala.

209 2099 287 2164 Quae
308 2094 429 2148 Kritziue
447 2094 481 2147 ad
502 2095 611 2146 Sallust.
631 2095 689 2146 Cat.
706 2093 733 2158 2,
747 2095 773 2147 2.
793 2113 818 2162 p.
834 2095 875 2147 la·
896 2095 1039 2160 disseruit,
1056 2098 1139 2151 facile

174 2186 301 2251 poterunt
322 2198 383 2231 cum
405 2179 455 2242 iis,
490 2197 560 2247 quae
584 2156 663 2230 niodo
687 2177 775 2243 dixu*
791 2179 931 2239 conciliari
953 2187 980 2232 et
998 2181 1090 2249 aliqua
1107 2200 1140 2234 ex

175 2277 252 2338 parte
272 2263 384 2333 corrigi.
418 2263 559 2316 Walchiue
582 2265 614 2316 ad
629 2261 719 2315 Tacit.
734 2262 800 2340 dgr.
814 2263 855 2315 39.
879 2280 931 2315 nou
945 2265 1069 2318 subtilius
1083 2283 1142 2319 reru
1158 2304 1161 2310 ‚

104 2339 106 2343 .
175 2349 350 2412 retractavit,
373 2348 416 2401 sed
436 2349 465 2399 iu
488 2348 678 2416 distinguenda
691 2348 793 2416 duplici
808 2349 897 2408 torma
913 2349 1023 2417 aliquod
1037 2351 1141 2420 perspi-

177 2434 284 2491 cuitatis
303 2431 451 2488 subsidium
466 2432 609 2508 quaesivit.
1157 2439 1163 2446 '

198 2553 377 2606 -Dietraetum
392 2553 555 2604 vocabulum
571 2552 706 2606 inveniere
726 2569 755 2604 ee
774 2541 886 2620 quidam*
899 2555 995 2620 putant
1010 2550 1141 2618 iu'l'ueit.

175 2639 244 2692 Anu.
252 2637 293 2700 13,
301 2637 343 2690 5⁰.
356 2631 812 2708 plerasqueaertigaliamsocietater
821 2655 838 2688 a
847 2638 990 2688 consutam
998 2644 1023 2688 et
1031 2637 1143 2690 tribuerit

176 2724 259 2792 plebia
277 2723 431 2774 constitutae
443 2723 501 2782 acri·
512 2722 592 2780 etiam
603 2724 694 2792 papali
707 2723 812 2774 romarii
821 2709 1018 2774 tam'litertate.
1051 2720 1087 2772 At
1100 2720 1145 2774 iu*

175 2805 359 2859 firmissimum
375 2813 415 2858 est
429 2808 481 2858 hoe
493 2806 694 2866 testimouium
719 2825 783 2860 uam
797 2807 826 2859 iu
842 2806 903 2862 aliie
915 2804 1143 2860 librisdesidera-

175 2898 220 2945 tur
235 2899 304 2957 tam,
329 2892 358 2945 iu
373 2891 434 2973 aliis
447 2891 549 2961 legitur
562 2893 643 2945 etiam
657 2901 712 2946 tum
725 2912 757 2963 p.
768 2911 790 2946 r.

192 3035 222 3093 1.
245 3029 391 3092 Primum
408 3029 505 3124 igitur
521 3031 700 3098 etiamtum
722 3031 761 3094 de
785 3053 836 3110 re,
866 3053 949 3115 quae
972 3029 1052 3093 olim
1075 3038 1144 3092 erat
1224 3047 1227 3054 ·

105 3127 141 3181 et
156 3124 272 3214 postea
288 3125 356 3177 esee
374 3114 483 3189 desiit,
505 3117 810 3202 componitur-eum
828 3118 950 3193 verbis,
966 3125 996 3177 et
1012 3113 1146 3199 quidem

8 3259 9 3270 ,
106 3223 183 3269 eum
198 3197 406 3286 imperfecto.
447 3200 774 3276 astumatum,
797 3203 893 3266 etiam
910 3201 965 3266 illo
982 3211 1144 3287 tempore.

8 3373 9 3378 ἵ
104 3287 295 3376 Respieitur
318 3285 356 3348 iu
372 3283 423 3346 his
446 3285 486 3353 ad
510 3287 694 3372 posteriora
718 3287 830 3358 simul.

212 3406 326 3464 Sallust.
347 3406 405 3458 Cat.
428 3403 457 3468 2,
476 3405 500 3458 1.
528 3408 664 3458 etiamtum
690 3408 746 3460 vita
771 3407 903 3460 homiuum
927 3407 983 3457 riae
1004 3405 1147 3474 eupiditate

177 3492 345 3559 agitabatur.¹
363 3489 412 3543 ulti
427 3489 584 3558 Herzogiue
602 3492 759 3559 particulae
775 3492 855 3546 etiam
876 3491 950 3542 ruale
973 3489 1068 3543 tribuit
1080 3489 1147 3541 tim

178 3575 369 3642 copulativam.
403 3575 463 3644 lag.
481 3575 523 3639 63,
537 3574 561 3628 6.
582 3583 672 3630 tamea
694 3577 716 3626 ia
731 3576 767 3627 aa
791 3577 819 3627 id
842 3579 954 3628 tororum
974 3577 1037 3631 talia
1056 3575 1098 3625 air
1113 3602 1146 3612 -

178 3667 263 3724 petere
277 3679 330 3714 aaa
344 3662 459 3713 audebat
466 3677 478 3713 t·
492 3662 628 3714 etiamtum
643 3662 709 3716 alios
724 3661 897 3730 magistratus
912 3661 1012 3728 plebea,
1028 3660 1147 3710 causata-

177 3749 232 3794 tum
253 3738 376 3797 nobilitas
398 3747 468 3797 iuter
492 3763 588 3818 seper
612 3763 706 3797 maura
728 3746 858 3797 tradebat.
895 3747 962 3798 Tac.
978 3745 1045 3800 Anu.
1061 3743 1087 3808 1,
1103 3741 1145 3794 u.
1180 3765 1187 3772 ·

181 3829 322 3880 mouebant
335 3831 469 3882 etiamtum
484 3832 597 3900 vestigia
611 3830 745 3882 marieatia
763 3831 898 3882 libertatis.

214 3927 302 3981 Tacit.
317 3931 384 3984 Anu.
401 3931 426 3996 2,
442 3930 486 3992 51.
502 3950 565 3985 aum
579 3934 714 3985 etiamtum
730 3933 830 3984 Romae
844 3936 927 3985 eraut.
945 3927 1067 4000 Agara..
1084 3947 1146 3980 ream

181 4011 317 4066 etiamtum
331 4015 458 4083 Agricola
470 4017 641 4075 Britanniam
656 4018 798 4073 attinebat.

214 4115 324 4169 Sallust.
339 4117 398 4184 lug.
414 4115 456 4182 54,
472 4115 499 4172 ὅ.
521 4119 606 4192 igitar
621 4119 740 4176 Metellae
759 4118 806 4174 uti
826 4119 896 4173 uidet
916 4119 987 4190 regie
1010 4118 1147 4172 etiamtum

180 4201 296 4255 ammam
307 4203 425 4269 feroram
444 4217 504 4256 aare.
