2782 4730
251 369 320 440 604'
713 365 824 434 ETSI.

317 525 477 580 necessitudo
494 532 651 595 quaesturae
673 525 786 594 effecisse
802 523 885 578 debet.
919 523 971 578 Sed
986 530 1075 578 tamen
1089 523 1175 577 nihilo
1184 525 1290 593 firmius

318 614 402 676 iilud,
420 612 468 663 boc
483 613 583 664 addita.

354 715 412 768 Cic.
433 715 467 767 od
489 715 566 768 an.
582 711 624 779 15,
640 711 723 778 121.
747 719 928 782 praeposteros
949 713 1029 764 babes
1051 688 1220 779 tabcbiorios‚
1243 715 1290 768 etri

317 819 358 854 rne
382 801 484 868 quidem
507 818 560 852 nan
578 800 722 868 offendunt.
762 799 815 849 sect
837 804 927 850 tomen
949 814 1027 866 pauor
1045 816 1063 849 a
1086 815 1127 850 me
1147 798 1289 866 discedunt,

313 887 448 956 flagitant
463 887 574 937 litteras.
608 885 652 938 ltu
669 891 710 937 est
723 882 976 951 interpungendum.
1013 882 1047 934 ud
1062 884 1117 935 Arc.
1132 882 1174 947 lt,
1190 883 1215 936 2.
1233 903 1289 940 oras

319 974 405 1042 igitur
420 971 506 1022 auctio
522 970 659 1022 Peducaei.
696 970 781 1034 Quum
799 967 899 1035 poteris
914 982 987 1036 ergo.
1022 967 1083 1018 Etsi
1096 968 1220 1034 impediet
1229 973 1290 1036 for-

319 1065 389 1108 tasse
403 1056 538 1108 Faberius.
574 1055 626 1106 Sed
640 1061 737 1107 tamen
760 1071 837 1122 paam
859 1052 953 1104 licebit.
989 1051 1059 1104 Item
1074 1052 1101 1118 1,
1117 1052 1159 1106 211.
1195 1055 1288 1122 Topic.

321 1141 363 1206 19,
379 1140 421 1192 72.
441 1142 472 1192 dc
494 1141 526 1190 iis
545 1156 633 1208 pauca
654 1127 787 1190 dicamus:
807 1138 855 1190 etsi
875 1154 907 1188 eo
927 1137 996 1188 nibil
1017 1137 1122 1189 omnino
1142 1139 1290 1200 adnostros

319 1226 509 1294 disputationes
523 1226 663 1292 pertinent.
697 1224 750 1276 Sed
767 1231 854 1276 tamen
865 1228 949 1275 tatum
963 1239 1018 1274 rem
1032 1223 1188 1288 efficiamus.

355 1329 412 1382 cto.
428 1328 462 1380 sd
477 1330 531 1380 Art.
547 1327 589 1390 1³,
604 1325 648 1378 41.
674 1343 767 1378 suaves
786 1333 846 1378 taus
862 1326 981 1380 litterari
1006 1325 1056 1377 etsi
1070 1326 1165 1378 acerba
1183 1343 1287 1397 pompa.

321 1415 414 1466 Veram
426 1421 516 1466 tamen
529 1413 595 1548 sopire
603 1413 691 1468 omnio
697 1427 750 1464 non
759 1412 880 1466 acerbum
888 1417 934 1463 ert.
968 1408 1041 1474 ntis,
1056 1425 1127 1478 quoe
1137 1412 1289 1481 cobserent,

318 1499 381 1552 vido
398 1514 520 1568 suprsn.
553 1534 561 1550 .

337 1641 368 1700 6.
391 1636 481 1700 Etsi
496 1646 527 1699 et
545 1633 609 1700 etsi
622 1657 692 1698 non
708 1631 930 1718 adiunguntur
950 1641 981 1696 ei
1000 1632 1189 1698 nominibus
1212 1637 1290 1700 sub-

250 1721 402 1786 stantivis·
417 1733 447 1785 ct
463 1721 624 1785 adiectivis
644 1729 675 1784 ct
691 1718 886 1804 participiis,
909 1718 976 1782 sive
991 1729 1146 1805 sequatur
1163 1733 1289 1797 tamea.

250 1809 301 1907 vel
326 1819 383 1888 at,
428 1808 476 1872 vel
497 1817 604 1885 certe,
645 1807 712 1870 siv‘e
738 1825 807 1868 non
830 1814 995 1890 sequatur.
1057 1806 1143 1870 Alius
1174 1808 1291 1874 dieitur

248 1909 377 1958 oa‘non.

352 2029 412 2082 Liv.
429 2027 454 2093 3,
469 2025 512 2090 tt,
526 2025 551 2080 7.
574 2027 635 2078 deos
646 2025 753 2092 tandem
767 2042 820 2078 erse
835 2055 870 2064 -
879 2030 1017 2096 fremunt,
1037 2035 1063 2082 ct
1077 2031 1217 2102 superbiae
1231 2051 1290 2086 oru-

317 2115 485 2182 detinerique,
506 2113 554 2164 etsi
569 2129 654 2176 seras,
671 2129 724 2162 nan
739 2113 805 2163 isaer
823 2119 912 2165 tomen
928 2116 1017 2166 venire
1029 2133 1137 2184 poenas.
1190 2113 1193 2120 ’

354 2216 414 2270 Liv.
432 2215 474 2282 39,
490 2214 533 2280 54,
547 2213 572 2268 t.
596 2221 751 2279 senectam,
778 2216 827 2267 etsi
847 2234 901 2268 non
923 2218 1079 2284 speciosam,
1103 2236 1195 2286 pacem
1212 2242 1290 2290 paam

318 2305 419 2356 incerta
443 2303 503 2354 betti
521 2308 708 2371 praeoptantes
727 2300 858 2353 dedidisse
877 2318 905 2355 oe
923 2303 999 2371 prius
1020 2303 1048 2365 in
1060 2305 1149 2372 fidens
1169 2325 1250 2375 quarn
1262 2311 1291 2362 in

316 2394 470 2459 potestatem
483 2387 576 2456 papali
592 2385 704 2438 romani.

354 2490 414 2543 Ltv.
430 2488 473 2554 38,
491 2487 534 2554 41,
552 2487 593 2540 111.
618 2488 748 2556 reliquum
774 2486 855 2555 (iter)
870 2517 905 2528 —
935 2488 984 2540 etsi
1001 2507 1054 2541 noa
1074 2487 1226 2559 inserturus
1246 2512 1290 2548 su-
1374 2473 1375 2480 ¹

317 2583 431 2644 spectum
445 2581 543 2626 tamen.
573 2573 639 2630 ibid.
655 2570 680 2626 6.
702 2573 795 2645 quippe
815 2573 864 2626 etsi
880 2572 970 2642 iniquo
991 2574 1071 2638 bebio,
1086 2577 1290 2644 praedictam

318 2662 402 2724 iusta,
421 2661 476 2712 ocie
493 2665 602 2727 operta,
621 2657 724 2710 collatis
740 2657 825 2728 signis
839 2657 1018 2710 dimicandum
1033 2665 1099 2712 erat.

355 2762 413 2820 cto.
425 2762 458 2812 de
473 2758 583 2824 Orati,
592 2757 668 2825 4,14.
685 2759 724 2824 ei,
742 2760 963 2829 etcinepaapuom
977 2777 1070 2829 porcas
1082 2761 1155 2814 iilius
1171 2763 1290 2833 ingenia,
1374 2811 1375 2826 ,

316 2855 344 2902 ab
358 2865 407 2916 pro
423 2853 511 2902 nostra
527 2853 615 2898 tamen
636 2844 737 2907 studio,
764 2844 884 2895 meritam
903 2845 1025 2915 gratiam
1041 2847 1205 2916 debitamque
1218 2853 1290 2914 rese-

318 2949 415 2988 ramus.
450 2929 559 2986 Sueton.
574 2929 638 2986 tter.
653 2925 697 2984 bb-
720 2927 793 2982 ouius
809 2928 892 2993 necis,
918 2929 966 2982 etsi
982 2946 1035 2980 non
1049 2939 1160 2996 auctor,
1183 2941 1212 2986 at
1227 2952 1291 2987 can-

318 3014 459 3082 sciasfuit.

352 3117 413 3178 Lir.
427 3115 470 3180 25,
487 3113 513 3179 ii,
528 3115 553 3170 2.
572 3116 604 3169 de
618 3116 708 3181 nobis,
729 3115 778 3168 etsi
790 3133 843 3168 non
855 3117 986 3185 iniquum,
1014 3123 1081 3170 oerte
1094 3119 1171 3172 triste
1183 3130 1292 3174 senatus

318 3203 464 3256 consultum
472 3204 577 3268 factum
592 3208 638 3258 est.
657 3199 767 3267 tans.
784 3202 829 3254 vd.
842 3200 901 3258 nt.
914 3202 1023 3254 Sueton.
1037 3203 1095 3255 Col.
1113 3205 1155 3257 12.
1174 3207 1223 3257 etsi
1236 3225 1292 3258 non

319 3290 495 3356 (inperfecto,
519 3293 548 3337 at
570 3293 638 3338 uerte
660 3287 693 3342 de
714 3287 830 3357 cogitato
848 3288 960 3356 quodam
975 3287 1120 3355 parricidio
1133 3294 1292 3358 professum.

320 3373 409 3428 Tacit.
428 3370 500 3448 Diui.
518 3370 560 3424 19.
585 3387 662 3438 quum
681 3371 727 3424 uis
747 3373 777 3424 ia
799 3389 896 3424 corona
918 3372 1052 3440 quisquam
1072 3374 1196 3440 assistat,
1226 3377 1293 3444 puin

317 3458 448 3512 elementis
478 3455 624 3512 studiorum
654 3455 703 3510 etsi
735 3474 788 3514 non
817 3458 975 3520 instructus,
1022 3463 1052 3509 ot
1082 3465 1150 3512 cerie
1174 3461 1294 3516 imbutus

317 3545 352 3596 sit
377 3549 430 3595 etc.

353 3646 439 3702 Varro
456 3642 489 3696 de
503 3643 534 3704 Ii.
549 3643 581 3696 Is.
597 3640 623 3709 5,
640 3641 665 3701 1.
691 3643 769 3696 buius
789 3644 829 3702 rei
851 3651 942 3697 auctor
958 3645 1024 3697 sotis
1044 3645 1110 3698 mibi
1127 3646 1295 3717 Gbrysippus

317 3739 344 3784 et
360 3730 502 3798 Antipater
524 3737 550 3786 et
570 3730 629 3794 iili,
659 3729 688 3781 in
707 3729 798 3796 puibos
818 3729 867 3780 etsi
891 3745 945 3780 nan
967 3736 1072 3780 tantum
1094 3732 1240 3796 acuminis,
1261 3741 1296 3785 at

315 3817 377 3886 pins
398 3815 555 3874 litterarum.
588 3812 645 3871 Alii
663 3813 740 3870 codd.
758 3814 781 3864 si
800 3829 861 3876 aon.
897 3813 1237 3884 cte.t00ff.1,11‚35.
1263 3818 1297 3869 ia

317 3920 368 3970 puo
383 3901 407 3953 si
428 3899 494 3952 mibi
514 3905 578 3952 esset
599 3900 819 3969 obtemperatum,
843 3896 867 3947 si
882 3915 935 3948 nan
952 3899 1097 3967 eptimam,
1122 3907 1152 3954 ot
1169 3901 1297 3971 aliquam

319 4002 374 4037 rem
386 3985 519 4052 publicam
531 4010 567 4021 -
580 3983 742 4040 deberemus.
771 3981 820 4040 stit
837 3981 903 4036 libri
920 3985 967 4039 etei
987 4003 1048 4038 nan.

330 4110 363 4170 7.
387 4105 577 4176 Concessivo
595 4103 753 4174 sententia
767 4107 811 4178 ita
830 4107 959 4196 opponi
976 4118 1103 4196 potest,
1124 4117 1161 4174 ut
1175 4107 1297 4180 altera.

249 4191 432 4280 quotiaco
449 4191 585 4274 dicitur,
613 4212 667 4258 res
691 4213 792 4280 aequo
815 4191 882 4261 sive
900 4214 970 4258 non
991 4195 1100 4260 minus
1123 4195 1235 4264 velere
1262 4208 1300 4261 et
