2802 4732
163 413 300 506 Ι(σεο
674 397 827 472 erim.
883 406 885 416 Α

306 583 308 592 ·
342 567 455 624 Sueten.
473 559 533 618 on.
550 555 594 614 tt.
611 556 690 612 totiee
706 553 966 621 abnndantireinnm
978 554 1086 626 apaten
1102 554 1295 627 eenatai'epae-

307 647 525 724 stetqmmtint,
542 646 624 700 etiarn
639 643 797 712 mmagitae
810 641 946 694 actitem
958 648 1138 710 utrarumque.
1164 643 1244 709 Gaea,
1254 640 1294 696 50.

343 754 436 810 Tacit.
452 750 526 804 nist.
541 747 567 813 1,
583 745 627 800 26.
654 747 772 814 adeoque
783 750 886 814 parata
903 743 978 812 apud
989 744 1076 796 mator
1089 745 1201 811 reditio,
1220 745 1296 800 aian

307 842 383 912 apnd
397 841 518 906 integrae
534 832 712 887 dieeimatatio
721 829 789 895 snit.
824 830 893 884 nnn.
908 828 935 893 ²,
949 825 992 881 nl.
1018 826 1178 899 cingebatur
1192 831 1295 883 interim

307 928 393 982 milite
410 925 518 985 domae,
535 918 690 987 strepebant
709 913 790 968 mam
805 913 836 966 in
857 914 1003 979 antiteta,
1020 920 1053 968 nt
1074 913 1166 968 audiri
1171 951 1181 980 ,
1197 919 1230 968 nt
1248 915 1295 968 ad·

306 1010 374 1083 epiri
385 1011 501 1082 portent.
933 1059 935 1064 ,

344 1098 692 1173 cie.deFm.217‚5i.
712 1099 764 1161 erit
785 1099 857 1156 enim
879 1100 1024 1158 ineman
1043 1100 1082 1160 ad
1101 1109 1213 1162 mertem
1237 1121 1295 1158 eon-

305 1197 494 1261 temnentem,
523 1193 562 1247 nti
582 1189 668 1260 ipram
692 1189 773 1242 etiam
798 1190 923 1243 dolorem.
939 1188 967 1256 5,
981 1187 1026 1256 28,
1043 1188 1087 1245 84.
1107 1197 1153 1231 -'
1166 1191 1294 1255 virtatem,

307 1285 338 1337 in
349 1300 407 1352 *qna
426 1281 462 1333 ait
475 1280 562 1348 ipram
575 1277 657 1330 etiam
672 1277 785 1330 beatum.

343 1383 377 1438 ln
392 1376 620 1452 interrogatione.
650 1353 802 1432 cicsven.
821 1375 984 1444 090221.
1009 1365 1103 1449 qnotei
1125 1357 1191 1432 tinea
1210 1379 1295 1432 omnia

302 1475 433 1540 serantur
452 1485 504 1518 -ε
522 1467 637 1519 etiamne
651 1463 718 1516 haee
733 1481 803 1516 nova
819 1463 913 1516 debent
928 1463 1017 1538 edicta
1039 1471 1065 1517 et
1084 1463 1199 1533 imperia
1216 1481 1295 1532 prae·

304 1564 394 1609 tamem
408 1581 444 1595 -
457 1549 600 1622 perferre?
618 1550 733 1602 etiamne
749 1551 917 1615 framentum
939 1565 991 1618 pro
1007 1556 1092 1619 empto
1105 1549 1196 1618 gratia
1211 1549 1296 1602 dare?
1377 1545 1378 1560 ³

306 1640 342 1692 de
356 1628 426 1709 leeg.
443 1637 469 1703 1,
485 1633 529 1700 15,
543 1632 587 1686 42.
605 1629 738 1686 iamneae
757 1634 825 1684 illari
842 1631 1027 1687 etnltierimam
1042 1634 1193 1714 eaietimnre
1208 1635 1296 1688 omnia

268 1749 270 1760 ·
311 1727 385 1778 insta
408 1720 478 1788 eise,
503 1736 572 1790 qnae
599 1719 667 1772 reita
690 1718 745 1770 rint
765 1717 925 1787 populorum
950 1719 1081 1774 tmttmtte
1097 1725 1158 1778 ‚aut
1178 1719 1295 1790 tegitur.

308 1809 453 1875 Etiamne,
472 1805 576 1876 ripnae
591 1803 663 1873 lega
676 1802 732 1857 rint
747 1801 947 1872 tyrannoram?

322 1965 355 2030 2.
374 1955 571 2028 Dietinctior
588 1967 637 2025 est
652 1953 848 2043 significatio
863 1958 900 2022 in
915 1958 972 2042 iis,
992 1979 1077 2046 quae
1091 1979 1164 2025 rem
1188 1957 1296 2026 maio·

237 2070 329 2133 rem,
349 2071 411 2114 nee
434 2069 497 2136 per
521 2069 557 2112 se
580 2044 858 2132 exspectandam,
881 2043 939 2109 aed
960 2067 1071 2110 raram
1091 2047 1145 2128 vel
1168 2057 1297 2134 praeter

238 2136 437 2224 opinionem
471 2133 676 2200 evenientem
707 2129 866 2194 indicant.
926 2128 1018 2206 Tum
1050 2142 1100 2196 est
1135 2132 1171 2197 id
1208 2133 1297 2220 quod

151 2285 152 2290 ,
238 2220 348 2287 adeo:
369 2242 476 2307 neque
498 2219 593 2284 aliter
613 2214 771 2281 Germani
787 2216 876 2280 ancli
892 2226 1070 2305 usurpant.
1113 2219 1221 2307 Saepe
1241 2220 1298 2284 nni

213 2337 215 2343 s
236 2307 368 2373 nomini
386 2307 579 2372 adiunctum
599 2303 850 2390 interponitur,
871 2312 909 2365 ut
926 2301 1108 2392 significet,
1130 2327 1205 2370 rem
1228 2326 1295 2369 non

235 2399 348 2458 minus
363 2389 435 2458 fieri
449 2391 549 2472 adeo,
572 2405 677 2476 quum
693 2387 842 2453 conditio
859 2387 965 2453 aliena
983 2387 1035 2456 vel
1053 2392 1221 2455 contraria
1236 2390 1298 2455 ob-

235 2488 323 2544 stare
338 2479 499 2545 videatur.
542 2476 610 2544 vid.
626 2474 810 2538 Burmann.
835 2473 876 2539 ad
891 2473 1031 2539 Phaedr.
1048 2481 1079 2552 8,
1099 2481 1150 2557 10,
1165 2477 1220 2542 54.
1265 2478 1299 2541 ni

237 2572 316 2629 eum
332 2564 403 2630 aliis
419 2563 562 2652 explieat
575 2561 674 2639 lieet,
695 2560 860 2647 quamvis.
904 2561 1034 2626 Lo'eum
1044 2610 1053 2640 ,
1063 2575 1177 2648 ‘quem
1193 2501 1298 2628 iniria

161 2681 179 2738 y
233 2650 399 2738 particula
419 2660 577 2736 occupet,
599 2647 771 2711 constituit
790 2645 969 2712 voculatio.
1013 2647 1101 2712 Nam
1118 2658 1173 2713 aut
1199 2671 1299 2737 prae-

234 2737 382 2816 mittitur
396 2735 545 2810 nomini‚
570 2744 743 2819 tamqnam
758 2732 944 2812 enarraris,
968 2753 1051 2820 quae
1075 2729 1300 2810 intentionem

157 2873 161 2884 .
234 2813 430 2911 praeparat,
461 2832 519 2900 ant
540 2819 688 2906 sequitur
710 2839 838 2883 nomen
861 2827 1035 2904 tamquam
1058 2814 1176 2903 thesis,
1216 2843 1301 2908 quae

236 2928 316 2972 oum
340 2907 405 2972 arei
429 2905 596 2971 cohaeret.
649 2899 703 2969 Sie
729 2925 791 2967 noe
817 2925 950 2990 quoque
981 2905 1147 2970 Germani·
1170 2907 1300 2972 diversa

234 2992 442 3060 voculatione
469 2991 542 3056 dies
566 2990 849 3076 neclegentiam,
889 2987 957 3054 hoo
982 2992 1082 3054 etiam
1108 2994 1236 3076 evenit,
1267 3003 1301 3058 et

234 3080 326 3162 oncle
342 3077 416 3144 die'a
434 3079 607 3165 gestiente,
632 3076 731 3140 etiam
749 3074 815 3139 hoo
836 3076 955 3140 evenit.
997 3074 1037 3140 In
1061 3076 1222 3144 adieetivo
1248 3077 1301 3144 vel

234 3165 383 3256 genitivo
402 3185 477 3228 eum
497 3163 701 3228 substantivo
720 3161 906 3226 coniunctis
930 3159 1003 3226 fere
1024 3162 1170 3226 mediam
1197 3162 1301 3229 habet

234 3250 365 3315 sedem:
388 3259 423 3316 et
438 3250 605 3314 omittitur
622 3247 808 3335 copulant,
833 3267 932 3336 quam
949 3245 1077 3313 librarii
1090 3271 1190 3339 saepe
1205 3249 1301 3316 addi-

234 3333 366 3403 derunt.
410 3327 477 3400 vid.
495 3334 565 3400 Cic.
582 3335 622 3399 de
640 3333 716 3397 Sen.
736 3333 786 3414 16,
805 3333 859 3398 56.

346 3455 519 3509 Goerenaiue
537 3454 567 3509 in
586 3453 659 3506 notis
682 3444 717 3506 nd
735 3452 793 3506 cic.
810 3448 895 3532 peni.
914 3465 941 3523 p.
955 3451 1015 3508 181.
1030 3447 1091 3508 ²14.
1110 3459 1138 3509 et
1160 3452 1231 3511 alibi
1251 3453 1302 3506 tle-

306 3545 442 3593 nronetrat
464 3541 561 3604 etiam,
580 3530 688 3608 qnando
710 3537 850 3607 significet
871 3542 956 3605 adeo,
972 3539 1098 3608 postponi
1113 3556 1162 3593 eno
1184 3537 1301 3592 nomini.

304 3625 413 3679 Tamen
439 3624 500 3693 ipre
524 3623 559 3678 ad
580 3622 666 3676 Aean.
685 3640 711 3690 p.
728 3619 789 3676 257.
807 3631 836 3678 et
856 3624 892 3678 de
914 3614 977 3678 Fin.
998 3643 1026 3693 p.
1047 3624 1108 3678 429.
1129 3619 1303 3677 carnariam
1375 3693 1376 3696 Ἴ

206 3739 211 3742 -
280 3703 468 3764 'antennam
494 3708 613 3779 exponit.
657 3706 713 3760 Sed
737 3707 822 3760 etiam
845 3709 879 3761 de
903 3707 986 3762 tertio
1013 3709 1133 3778 quodam
1152 3709 1215 3761 loeo
1240 3707 1304 3777 agit
1375 3701 1376 3746 Ὗ

255 3819 258 3826 «
304 3812 334 3863 p.
352 3791 394 3870 60.
413 3792 496 3848 ersa.
516 3800 585 3863 etp.
604 3791 662 3845 101.
697 3792 827 3845 Bromios
844 3788 879 3852 ad
895 3794 1004 3848 cornel.
1019 3795 1103 3847 Ham.
1117 3792 1144 3860 2,
1160 3792 1187 3846 3.
1207 3785 1302 3857 donet,

301 3878 351 3932 nbi
374 3880 456 3933 etiam
479 3896 529 3947 pro
554 3879 621 3930 adeo
643 3869 762 3943 positum
787 3877 824 3929 ad
845 3883 932 3934 tatem
957 3877 1121 3933 sententiam
1148 3878 1304 3946 pertinent,

302 3967 353 4016 eut
376 3961 406 4016 in
429 3963 509 4017 initio
533 3967 582 4018 ent
606 3960 637 4014 in
656 3961 711 4016 fine
736 3963 879 4022 collocari.
922 3962 1038 4020 Scilicet
1053 3962 1167 4018 tertium
1182 3981 1242 4020 nnn
1256 3963 1304 4017 in·

303 4046 423 4102 venitur.
1097 4071 1101 4078 ·

348 4147 407 4203 cio.
428 4145 459 4202 in
477 4148 555 4204 verr.
572 4147 598 4216 4,
615 4147 659 4214 ⁵5,
679 4149 740 4205 123.
769 4167 848 4221 mam
869 4147 912 4203 ene
933 4156 1023 4223 tamen
1047 4147 1173 4204 ornarint
1194 4150 1305 4220 tempta

303 4228 630 4302 inanimantium,
650 4231 694 4292 tio
709 4237 792 4290 etiam
818 4237 927 4290 dement
951 4235 1123 4290 monumenta
1146 4241 1231 4326 atone
1255 4249 1305 4288 or-
