2782 4730
570 397 643 462 EX.
1069 398 1132 464 667

164 561 198 628 5.
224 556 401 624 Recentior
415 553 558 620 latinitas
573 551 712 618 indulsit
727 548 804 616 haic
822 549 1071 634 diatonicam,
1092 563 1130 623 ut

81 667 152 711 non
166 656 295 710 tantum
310 643 450 724 nomina
463 637 605 708 modum
621 635 847 724 significantia,
868 635 925 700 sed
942 637 1130 721 qualecum-

80 753 146 818 que
164 730 359 820 ediectivum
375 747 453 790 cum
474 723 536 788 hac
557 719 800 810 praepositione
816 733 1047 806 componeret.

185 849 322 906 Ammion.
338 846 381 914 16,
396 844 422 911 7,
438 844 465 899 5.
484 862 559 914 pacem
572 845 596 898 ei
613 845 742 896 Constans
757 843 902 912 imperator
915 841 977 894 elim
993 858 1026 894 ex
1039 843 1131 896 calano
1225 867 1229 872 ·

87 990 89 994 ,
139 937 252 1006 s'ampne
266 941 403 988 maturam
422 929 529 990 audiret
544 929 654 990 honesta
671 929 824 982 suadentem
841 934 866 980 et
886 933 973 991 recto,
1000 928 1076 980 calla
1089 929 1130 980 oet

146 1021 226 1074 aenio
250 1024 319 1070 certe
339 1015 427 1084 digna
445 1020 584 1082 peccasset.
605 1012 625 1066 i.
643 1029 671 1068 e.
696 1013 743 1082 qui
767 1016 864 1067 exacta
886 1010 1071 1066 adolescentia
1093 1009 1128 1065 ad

150 1103 264 1157 virilem
280 1102 454 1169 pervenerat.
489 1097 545 1150 Sed
570 1097 642 1150 conf.
657 1115 685 1167 p.
700 1095 761 1166 651.

182 1205 286 1258 Dicunt
300 1199 459 1276 Cornelium
471 1200 606 1269 Nepotem
627 1218 658 1253 ea
676 1201 796 1269 prasiane
817 1199 916 1253 dixisse
932 1215 984 1270 pre
997 1199 1127 1269 maxime,

79 1339 83 1350 ,
146 1290 245 1357 Pelop.
255 1287 315 1352 2,1.
333 1285 524 1352 hiemaesfere
538 1287 657 1338 Athenae
672 1303 700 1338 ee
713 1286 893 1348 contulerant,
912 1303 966 1338 nen
979 1302 1028 1354 pao
1040 1301 1131 1353 cepae-

81 1355 84 1366 *
148 1381 242 1444 rentur
256 1371 355 1435 otium,
380 1370 426 1421 ree
447 1376 478 1422 at
499 1387 622 1438 arcemque
636 1384 667 1422 ee
679 1371 798 1438 prasiane
814 1371 898 1422 locam
908 1373 970 1436 sore
984 1369 1128 1433 obtulisset,

149 1474 179 1510 eo
192 1455 311 1525 patriam
323 1471 477 1522 recuperare
490 1456 644 1507 niterentur.
679 1454 715 1507 At
731 1469 811 1505 nemo
826 1453 999 1521 antiquorum
1014 1452 1129 1520 scripto-

148 1557 212 1594 ram
225 1539 265 1592 ita
275 1540 409 1606 laqantna¹
426 1543 475 1592 est.
512 1537 605 1606 Quare
627 1541 674 1590 ant
694 1539 833 1591 linconen
850 1553 867 1590 a
883 1535 1129 1606 Cornelio-scripta

146 1630 226 1689 enat,
253 1628 300 1676 ant
315 1640 349 1675 ex
360 1625 481 1692 proximo
496 1622 628 1676 cohaeret
644 1639 707 1674 cnm
725 1621 811 1674 verbo
826 1623 929 1690 offerre.

162 1730 193 1790 6.
222 1723 261 1788 In
283 1726 453 1790 nonnullis
481 1723 672 1788 nominibus
705 1723 850 1789 diversae
873 1721 1127 1810 significationes

77 1811 241 1898 divensem
263 1812 441 1876 rationem·
458 1811 555 1874 unius
580 1808 676 1874 huius
700 1809 957 1898 praepositionis
983 1809 1044 1873 sibi
1074 1831 1128 1874 ac·

77 1896 293 1961 commodant
306 1906 339 1960 et
358 1897 532 1960 notionem
549 1905 687 1958 mutant.
709 1895 766 1958 Ex
782 1895 950 1960 sententia
963 1906 1012 1957 est
1024 1895 1126 1960 modo

77 2004 122 2047 ex
150 1981 336 2056 voluntate,
372 1982 438 2047 sive
467 1981 517 2044 uti
545 1977 613 2041 fert
645 1979 813 2061 voluntas,
845 1981 934 2042 nacla
962 1978 1128 2062 Waasclr,

76 2067 183 2132 modo
215 2065 398 2130 secundum
427 2063 638 2150 opinionem,
678 2064 744 2131 sive
777 2065 818 2130 de
843 2064 1129 2154 consilio‚.quod

77 2149 215 2217 aliosde
231 2151 410 2214 sententia.
441 2149 494 2214 cf.
510 2171 545 2236 p.
560 2151 634 2212 628.

180 2271 272 2322 Plcut
293 2269 380 2322 Mera.
402 2268 429 2333 2,
448 2268 474 2334 e,
489 2267 532 2321 36.
556 2275 649 2338 postea
664 2269 714 2321 hac
728 2277 803 2324 nocte
820 2289 874 2324 aaa
890 2271 975 2342 paieoi
988 2274 1054 2327 entis
1068 2293 1129 2330 mea

134 2333 180 2408 fex
197 2353 336 2406 sententia.
369 2353 441 2406 Men.
452 2351 513 2418 ²³²³
522 2352 548 2405 1.
569 2355 632 2405 bene
645 2355 769 2408 aiennaci
783 2357 862 2424 atpae
877 2375 910 2409 ex
926 2373 983 2410 mea
997 2361 1130 2425 sententia
1186 2423 1191 2432 .

83 2479 87 2485 .
144 2440 242 2492 tecam
256 2443 417 2506 anteponam
430 2437 577 2505 prandiam
591 2440 772 2506 pransoribus.
808 2441 919 2494 Terent.
931 2443 1036 2508 Hech,
1047 2441 1073 2508 4,
1083 2443 1129 2499 32.

143 2539 271 2592 opereque
285 2523 355 2574 heae
378 2539 433 2574 rem
454 2538 507 2574 eece
530 2529 681 2574 eventuram
703 2525 777 2577 cotie
799 2543 832 2578 ex
853 2527 1001 2586 sententia.
1019 2526 1076 2579 Cic.
1094 2527 1130 2581 aa!

145 2608 223 2664 Fam.
235 2605 278 2669 12,
294 2606 336 2670 1⁰,
352 2605 377 2658 ὃ.
396 2608 419 2658 si
435 2607 499 2660 isaeo
515 2625 545 2660 ea
560 2608 691 2659 sententia
706 2612 825 2674 confecta
840 2618 930 2662 essent.
965 2609 1029 2672 Μία
1040 2611 1128 2666 Hadr.
1148 2621 1150 2628 ’

146 2692 285 2746 cardinal.
301 2691 335 2752 de
349 2691 438 2744 Motis
454 2693 501 2745 lat.
516 2693 571 2760 loq.
588 2710 616 2761 p.
626 2689 686 2745 156.
694 2692 771 2761 (49).
790 2694 964 2746 westerhov.
972 2695 1007 2747 ad
1015 2695 1129 2749 Terent.

144 2776 248 2830 fleant.
264 2774 330 2840 4,3,
347 2773 374 2827 5.

180 2879 271 2931 Pleut.
281 2877 391 2946 Capt2,
408 2877 434 2944 2,
450 2877 491 2932 96.
510 2897 557 2934 aec
573 2897 728 2948 quemqnam
740 2881 1012 2951 fideliorem-potes
1025 2883 1130 2936 mittere

82 2983 87 2993 ¹
112 3001 115 3010 .
142 2964 182 3018 ael
197 2979 271 3026 eam,
290 2959 395 3031 netpnr‘
406 2965 496 3034 magis
511 2967 546 3017 eit
558 2983 644 3018 servos
658 2984 692 3018 cx
708 2969 847 3020 sententio.
864 2966 882 3019 i.
893 2983 916 3019 e.
939 2967 966 3018 ei
980 2967 1129 3035 acceptior.

145 3047 206 3100 Cic.
219 3047 253 3099 od
264 3047 319 3099 Ate.
332 3045 358 3111 5,
373 3047 416 3100 21.
443 3057 470 3101 te
482 3049 512 3100 ia
528 3050 641 3116 Epirum
655 3052 757 3102 caleam
772 3053 873 3103 venisse
887 3058 921 3115 et,
936 3057 967 3103 at
980 3051 1080 3114 scribis,
1099 3069 1131 3104 ec

112 3169 116 3180 .
143 3131 276 3184 sententia
288 3132 432 3200 navigasse
444 3131 608 3185 vehementer
622 3134 738 3202 gaudeo.
771 3135 868 3204 Dictys
884 3136 956 3188 Cret.
967 3134 993 3201 1,
1005 3133 1030 3187 4.
1045 3136 1132 3188 centio

146 3235 184 3271 ete
203 3216 334 3268 sententia
343 3216 481 3281 flantibus.

184 3318 241 3372 cic.
257 3336 284 3386 p.
305 3317 411 3371 cluent.
431 3315 474 3382 93,
488 3316 547 3369 177.
568 3335 600 3370 ea
620 3319 735 3370 emnium
749 3321 879 3374 sententia
900 3320 1068 3373 constitutam
1082 3329 1129 3388 eet,

144 3405 211 3456 eatis
232 3405 318 3456 cidari
343 3419 396 3456 erse
422 3401 575 3471 quaesitam.
603 3401 638 3454 ad
661 3403 738 3456 Fam.
754 3403 797 3470 12,
819 3404 844 3470 4,
859 3403 884 3458 2.
911 3406 971 3458 niv.
988 3403 1030 3471 49,
1047 3406 1089 3474 29,
1103 3405 1130 3460 5.

110 3500 113 3506 ’
144 3486 187 3552 45,
206 3485 250 3553 29,
267 3488 292 3541 3.
316 3505 347 3540 ea
364 3485 465 3538 consilii
480 3485 618 3538 sententia.
723 3483 728 3494 “

85 3589 90 3600 “
179 3589 311 3644 Fnrmula
327 3597 387 3642 eret
398 3590 428 3642 in
444 3587 620 3642 iureiurando
639 3587 811 3656 solemniter
825 3584 877 3643 aiei
893 3593 976 3646 animi
990 3594 1130 3659 sententia,

87 3675 91 3684 “
147 3669 249 3742 alequa
271 3676 326 3729 vid.
349 3675 422 3746 Lips.
438 3674 502 3727 Ver.
518 3675 594 3728 Lect.
613 3673 638 3736 1,
656 3671 680 3723 l.
702 3673 821 3726 Gronov.
838 3675 981 3730 observet.
998 3677 1023 3743 4,
1041 3676 1085 3730 14.
1104 3683 1132 3730 ct

134 3751 181 3806 'ad
204 3755 264 3812 Liv.
289 3759 331 3826 22,
349 3759 391 3826 53,
410 3759 451 3813 19.
492 3759 662 3838 Teubmapn.
691 3755 725 3808 ad
745 3756 835 3811 Plent.
853 3762 951 3814 Pseud.
973 3761 1046 3828 lna,
1071 3760 1131 3813 119.

134 3836 287 3910 'Spalding.
307 3844 341 3896 ad
362 3843 493 3912 Quinctil.
510 3842 535 3908 6,
553 3843 578 3908 3,
596 3841 639 3895 32.
673 3833 766 3894 Beier.
792 3843 826 3894 ad
849 3845 905 3898 cic.
925 3845 960 3896 de
977 3845 1032 3897 off.
1047 3843 1073 3908 t,
1087 3844 1132 3910 29,

144 3922 304 4062 1298ὲ4ο121ὲῧ
315 3928 409 3980 ordine
425 3930 574 3982 verberum
588 3928 617 3983 in
635 3943 668 3982 ea
684 3925 857 3980 Hearichaen
872 3930 906 3983 nd
927 3929 985 3982 Cic.
1004 3928 1037 3980 de
1054 3929 1132 3983 Orat.

168 4047 176 4072 ‚
226 4049 233 4074 ‚
304 4050 310 4063 .

162 4108 193 4171 7.
216 4107 273 4172 Ex
297 4113 455 4196 ratione,
485 4115 576 4202 quod
602 4124 651 4178 est
674 4111 713 4178 in
735 4109 925 4180 Rricksz‘clat.
977 4113 1129 4180 Alissact

77 4193 249 4360 repperiens
276 4195 411 4324 dicitnr.
438 4197 517 4286 'Sed
534 4199 603 4304 'alin
621 4218 753 4304 quoqne
775 4202 911 4365 rpp2mina
930 4197 973 4264 ita
991 4221 1137 4288 compo.
