2802 4732
255 375 321 455 aaa
716 363 874 436 aaran.
914 320 920 336 ’

90 598 93 622 ¹
147 505 149 510 Ι
258 531 406 598 dicturus
427 547 522 608 sum,
539 500 603 590 ¹hio
621 533 734 589 tamen
749 522 949 613 redarguam
973 526 1172 594 sententiam
1190 539 1313 614 eorum,

257 619 316 705 qui
338 617 445 683 etiam
467 609 782 700 significare-dicunt
806 611 1057 678 tantummodo.
1109 615 1184 696 vid.
1209 617 1314 682 Gara·
1374 653 1375 676 ι

256 715 328 769 ton.
359 700 401 766 ad
424 700 495 768 Cic.
517 719 552 785 p.
573 697 647 762 Mil.
662 703 694 762 2.
717 720 753 784 p.
776 699 849 762 162.
871 698 930 762 Or.
964 698 1092 764 Giesius
1112 699 1156 765 ad
1181 702 1250 767 Cic.
1275 703 1313 767 de

255 789 333 856 Div.
351 787 542 884 15552129.
583 783 623 849 ld
645 784 734 848 enim
759 783 921 848 abhorret
943 806 962 847 a
984 794 1103 852 natura
1126 787 1315 873 particulae.

257 872 478 941 Grammatici
497 869 587 935 enim
606 880 736 934 tantum
754 892 826 935 non
841 891 958 934 omnes
980 870 1015 935 in
1039 871 1244 960 explicandis
1265 873 1314 939 his

255 961 368 1028 verbis
391 981 461 1024 non
482 955 586 1021 modo
613 991 657 1008 -·-
681 955 742 1022 scd
766 957 892 1038 etiam,
912 976 996 1042 quae
1013 955 1125 1024 dicunt
1147 959 1232 1048 poni
1252 984 1313 1050 pro

258 1072 329 1114 non
351 1044 455 1111 modo
479 1067 565 1125 non,
595 1042 757 1109 falluntur
774 1041 883 1109 verbis
905 1046 1101 1126 germanicis
1125 1047 1221 1111 niclat
1250 1071 1313 1112 nur

257 1156 334 1201 com
362 1131 471 1197 aratis.
515 1128 599 1196 Nam
617 1152 685 1194 non
700 1129 804 1195 modo
830 1127 994 1216 significat
1010 1153 1079 1195 non
1096 1130 1225 1217 dicam,
1249 1135 1314 1200 sive

256 1245 301 1288 ne
346 1221 457 1297 icam,
479 1217 574 1282 nicht
590 1227 787 1304 atavosquo
802 1217 914 1315 posito
927 1237 990 1303 per
1004 1216 1067 1282 sed
1082 1217 1200 1297 etiam,
1226 1221 1313 1308 quod

255 1318 306 1374 est
322 1305 383 1371 sed
399 1304 507 1370 etiam
523 1302 660 1383 dicam,
682 1324 812 1391 opponi
829 1311 943 1391 potest
966 1312 998 1368 et
1020 1303 1074 1386 id,
1093 1306 1184 1392 quod
1208 1307 1313 1372 maius

255 1394 363 1474 ualet,
386 1400 418 1456 et
432 1390 488 1474 id,
536 1389 603 1452 uod
629 1390 769 1454 minoris
788 1389 972 1468 momenti,
997 1399 1111 1454 tamen
1127 1391 1242 1456 looum
1263 1404 1314 1459 te-

254 1480 363 1546 netin
387 1499 435 1543 re.
489 1413 575 1540 Illud
598 1474 769 1540 reddimus
793 1473 943 1542 condem
964 1497 1090 1566 angar,
1113 1474 1181 1543 hoc
1203 1489 1313 1546 autem

257 1565 342 1634 aber
358 1563 465 1643 decla,
486 1560 635 1626 eoadem
651 1562 766 1628 schoa.

359 1685 421 1740 laiv.
436 1680 481 1748 at,
495 1681 539 1747 to,
560 1682 603 1737 12.
620 1683 683 1735 iada
699 1689 792 1736 tantus
807 1688 896 1736 terror
914 1700 1050 1753 pavorque
1065 1699 1153 1738 omncs
1166 1688 1312 1757 occupavit,

323 1779 356 1826 nt
372 1787 427 1824 aaa
441 1767 519 1820 modo
543 1767 613 1820 oliae
628 1767 767 1835 qaisquam
793 1783 872 1821 orma
895 1775 1018 1838 caperet²
1034 1791 1071 1806 ·—
1087 1770 1134 1821 sed
1156 1771 1238 1823 aium
1259 1773 1314 1841 ipsc

323 1875 386 1918 res,
405 1854 475 1916 alent
492 1869 582 1904 somno
598 1851 694 1905 excitas
707 1860 776 1920 erat,
792 1879 830 1896 ··—
846 1855 883 1908 ad
891 1855 995 1922 flumen
1008 1857 1140 1923 cavaque
1153 1857 1312 1927 perfugerit.

320 1939 386 2018 Alie
401 1937 475 1990 infra
490 1937 570 1991 dabo.
1005 1981 1007 1990 ,
1234 1948 1235 1953 ’

250 2105 254 2117 J
359 2041 417 2097 cic.
433 2042 467 2094 do
481 2039 544 2094 niv.
561 2038 586 2106 l,
601 2038 646 2107 55,
661 2036 721 2094 124.
739 2038 909 2096 mittentem
928 2043 966 2096 ud
978 2042 1046 2108 toa,
1066 2043 1100 2096 de
1121 2060 1173 2112 quo
1194 2043 1310 2114 disputo,

319 2128 491 2204 probandam
505 2126 573 2195 antis
588 2133 642 2192 est,
658 2145 713 2178 non
729 2128 808 2180 modo
827 2130 928 2197 plura,
948 2129 995 2180 aed
1016 2127 1097 2180 etiam
1114 2128 1248 2196 pauciora
1271 2129 1311 2181 di·
1377 2183 1378 2202 ἶ

319 2217 383 2270 uine
394 2229 539 2283 praesensa
560 2217 586 2263 et
608 2211 749 2280 praedicta
770 2212 891 2280 reperiri.
918 2213 953 2266 cd
966 2213 1052 2266 Tam.
1066 2210 1110 2276 15,
1127 2210 1154 2278 6,
1169 2211 1195 2265 3.
1222 2213 1247 2266 ei
1258 2230 1311 2264 aon

321 2300 399 2355 modo
417 2313 520 2362 omnes,
537 2288 629 2366 ceroci
645 2295 726 2349 etiam
742 2296 822 2349 molti
846 2297 961 2350 Catones
980 2298 1010 2350 ln
1026 2298 1134 2351 civitate
1145 2305 1242 2351 -eseeat
1263 2315 1309 2350 aa

320 2392 379 2440 atra
397 2387 449 2436 cto.
470 2399 498 2448 p.
514 2382 575 2434 Mil.
592 2381 618 2444 2,
636 2379 662 2434 o.
681 2397 825 2448 numquam
839 2382 989 2435 motmunt
1001 2397 1073 2451 spem
1087 2385 1173 2436 allam
1188 2399 1244 2436 csse
1260 2384 1309 2435 lac·

319 2470 420 2523 liturae
434 2467 545 2519 Milonis
557 2465 676 2529 inimicos
697 2466 810 2518 adeius
831 2483 885 2518 non
905 2465 1019 2531 salntem
1039 2469 1116 2520 modo
1138 2469 1308 2540 exstinguen-

320 2557 399 2620 dam,
417 2553 465 2605 aed
478 2552 559 2604 ctiam
573 2550 691 2620 gloriam
705 2569 757 2622 pet·
772 2552 840 2606 talea
853 2553 924 2605 ciros
939 2545 1170 2621 infringendam„
1198 2581 1206 2593 r

334 2694 389 2758 at.
409 2691 459 2756 De
473 2689 693 2756 collocatione
710 2689 891 2778 particulae
906 2691 942 2755 in
957 2688 1008 2755 his
1029 2689 1188 2758 formulis
1214 2694 1307 2760 Goe-

132 2781 138 2794 '
249 2779 380 2850 tenuius
396 2775 521 2858 adfCio.
540 2776 580 2841 dc
594 2775 663 2840 Fin.
685 2799 721 2863 p.
735 2782 810 2842 313.
832 2799 950 2865 praece
977 2787 1049 2842 tum
1068 2779 1205 2844 tradidit
1220 2778 1305 2844 hoc:

250 2869 360 2934 etiam
384 2873 465 2950 post
490 2884 617 2928 nomen
640 2863 740 2927 tertio
758 2862 836 2928 loco
858 2799 1058 2948 singularem
1079 2865 1148 2930 vim
1171 2864 1305 2944 habere,

250 2973 335 3042 quae
355 2948 553 3014 insecundo
577 2947 668 3012 nulla
693 2949 747 3013 sit.
804 2948 881 3029 Quo
898 2969 941 3012 ne
958 2949 1030 3034 quis
1045 2946 1197 3032 fallatur,
1229 2973 1305 3014 mo-

246 3037 399 3106 nendum
427 3045 493 3116 est,
525 3034 582 3100 ubi
596 3034 706 3122 ipsam
734 3035 982 3122 oppositionem
1003 3044 1035 3098 ot
1057 3034 1305 3102 distinctionem

247 3145 365 3192 rerum
380 3131 588 3208 spectemus,
612 3141 684 3184 non
699 3120 838 3186 distrahi
853 3119 1013 3188 voeabula
1028 3119 1090 3184 sed
1104 3122 1224 3202 ctiam,
1245 3123 1305 3188 ubi

245 3232 327 3276 vero
349 3229 473 3273 nomen
500 3208 611 3293 ipsum
630 3206 840 3272 voculatione
859 3207 1117 3295 distinguamus,
1145 3206 1213 3272 hoc
1228 3229 1304 3272 me-

246 3294 537 3382 dinminterponie
557 3312 623 3378 quo
637 3291 685 3374 fit,
700 3304 739 3358 ut
754 3294 861 3358 etiam
877 3294 974 3358 tertio
991 3293 1026 3357 in
1041 3292 1117 3380 loeo
1133 3295 1303 3359 minorem

246 3381 365 3452 lrabeat
379 3381 458 3448 vim.
495 3379 584 3444 Haeo
601 3388 715 3444 tamen
729 3401 827 3468 saepe
841 3381 975 3443 numeri
990 3397 1103 3444 caussa
1117 3391 1302 3446 mutantur.

349 3503 439 3554 Recte
453 3515 525 3551 nune
540 3497 646 3567 legitur
663 3496 720 3552 cia.
735 3499 770 3552 de
787 3499 849 3553 rin.
864 3498 891 3565 3,
906 3499 932 3565 ²,
946 3497 972 3553 5.
991 3502 1061 3570 quod
1083 3498 1162 3570 caepa
1176 3501 1302 3566 dirimas,

315 3587 460 3656 etquidem
474 3601 532 3635 eum
548 3585 641 3652 aliqua
664 3585 770 3653 querela
786 3602 840 3656 noo
857 3585 1020 3638 craecorum
1037 3587 1129 3650 modo,
1146 3586 1193 3638 sed
1212 3603 1303 3639 corum

237 3683 240 3698 ¹
313 3668 412 3732 etiam}
429 3669 475 3738 qui
493 3663 521 3721 sc
544 3667 658 3722 Graecos
679 3669 769 3738 anagia
791 3686 871 3738 paam
887 3677 989 3723 nostros
1011 3671 1106 3724 hadwi
1118 3671 1233 3737 nolim,
1252 3688 1302 3723 noa

312 3771 368 3808 noc
381 3753 459 3807 modo
473 3770 526 3804 non
541 3753 613 3805 olnae·
627 3752 911 3808 uGraeca'eocrlorum
920 3753 1067 3823 captasset
1076 3772 1130 3808 esse
1140 3755 1209 3807 iaec
1218 3755 1303 3809 etiam

312 3838 469 3909 seperiora.
504 3837 561 3890 Sed
577 3838 672 3905 paullo
693 3843 771 3905 posta
789 3855 843 3889 aaa
860 3839 889 3890 in
903 3840 1002 3895 nostris
1013 3840 1098 3891 solum
1114 3841 1233 3907 artibus,
1253 3840 1302 3895 sed

311 3924 394 3978 niam
409 3923 439 3976 ia
453 3923 559 3976 illoram
573 3923 708 3992 ipsoram:
727 3921 777 3976 nbi
796 3923 966 3976 (laurencius
984 3921 1068 3976 eiecit
1083 3924 1173 3979 etiam.

329 4062 383 4127 25.
402 4049 440 4125 ln
455 4061 648 4127 disiunctiva
663 4062 823 4126 sententia
841 4063 869 4126 si
885 4062 984 4128 altera
996 4085 1073 4150 pars
1088 4053 1305 4150 non‘aoqua-’

241 4151 308 4220 lam
322 4146 621 4228 mactationem,
646 4148 708 4212 sed*
722 4148 828 4235 priori
848 4148 980 4215 additur
995 4158 1168 4235 tamquam
1181 4153 1300 4214 miuo-

242 4232 489 4335 ris‘momenti,
510 4234 561 4304 vel
577 4235 612 4300 in
628 4231 741 4330 locum
753 4233 840 4304 illius
854 4234 1062 4305 substituitur
1078 4234 1300 4304 collocatione
