2852 4736
598 391 728 460 secr.
926 467 930 482 ,

501 665 504 672 Δ
548 561 759 654 ERGA.
789 633 792 641 ,
825 596 829 602 ·

214 737 368 804 Perverse
393 733 668 822 crattsapientia‚
704 753 768 883 <pua
784 730 981 811 .S‚chellcrus
1007 751 1086 806 *cum
1115 735 1186 808 aliis

130 843 219 912 erga
244 833 275 888 ct
305 845 343 888 cr
370 845 389 885 o
422 819 510 885 facta
534 842 603 884 csse
630 829 711 907 puta
730 815 769 883 'at
794 841 835 884 cx
861 816 969 884 verbis
994 821 1185 907 cregiouc,

130 846 411 994 quemadmmfiun
429 906 654 992 germanicum
664 929 782 992 gegen
798 904 1028 970 cumuomine
1038 905 1187 994 Gegend

129 993 334 1060 cohaereret.
387 993 474 1056 Nam
498 991 662 1056 eiusmodi
686 991 870 1055 contractio
893 990 1020 1054 nullam
1044 992 1197 1057 omnino>

126 1081 293 1145 rationem
308 1078 430 1155 babet,
464 1087 497 1141 et
521 1078 708 1164 germanica
730 1077 791 1140 ista
816 1075 973 1140 vocabula·
1000 1099 1110 1164 agen
1132 1079 1186 1156 ycl

123 1187 219 1252 gun,
242 1164 330 1229 nnde
343 1163 457 1254 geben
472 1171 537 1239 est,
565 1157 778 1227 descendunt.
822 1159 891 1226 Nec
914 1161 1054 1227 meliora
1079 1163 1185 1230 Gerb.

131 1251 284 1331 Vossius,
315 1243 372 1335 qui
391 1269 479 1334 erga
499 1247 706 1312 existimabat
729 1269 800 1312 esse
815 1268 971 1333 graecum
988 1249 1075 1332 ἔργα,
1097 1273 1184 1338 crgo

125 1346 257 1413 eutem,
282 1332 371 1419 quod
398 1333 521 1422 duplex
541 1345 642 1416 esset,
667 1343 698 1397 et
716 1334 756 1398 ab
772 1331 832 1417 dec
848 1344 880 1398 et
896 1332 936 1418 ab
953 1335 1040 1418 dayes
1055 1334 1184 1404 diversa

127 1421 257 1506 origine
273 1417 447 1484 derivabat.
492 1419 613 1506 Magna
635 1419 770 1508 quidem
795 1429 845 1483 cst
867 1419 965 1506 copia
981 1419 1182 1498 i'ormnrum,

127 1527 212 1594 quae
224 1527 300 1570 cum
310 1504 475 1572 vocabulis
491 1515 627 1593 ergoet
644 1527 727 1596 crgo
744 1505 945 1594 cognatione
958 1506 1182 1588 eontinentur,
1293 1542 1295 1546 ·

125 1589 163 1654 iu
185 1591 303 1677 quibus
325 1599 530 1677 quamquam
553 1592 707 1655 notiones
724 1590 886 1678 quaedam
903 1591 1097 1658 obscuratae
1111 1615 1183 1660 nou

124 1687 267 1764 possunt
289 1675 473 1742 distinctius
499 1676 738 1759 demonstrari,
775 1686 887 1742 tamen
917 1681 1048 1742 'cunstat
1077 1679 1181 1767 ipsius

127 1762 338 1852 cognationis
357 1783 480 1827 caussa.
521 1757 630 1848 Atque
645 1785 732 1850 crgo
743 1771 913 1854 etorgoct
931 1786 987 1829 ver
1014 1785 1070 1830 ere
1083 1765 1182 1829 unius

126 1847 368 1931 suntfemiiiae,
407 1847 947 1934 ucmadmodum&penctransiitin
1011 1847 1183 1936 cruderes

124 1934 158 1998 in
176 1933 316 2000 wirico.
371 1871 471 1999 (iuius
495 1935 607 2024 stirpis
632 1935 837 2021 principium
861 1945 998 2026 apparet
1019 1934 1055 2000 in
1078 1938 1181 2002 verbo

124 2021 220 2104 ἔργω,
245 2019 335 2108 quod
351 2019 526 2168 puomodc
543 2021 578 2083 in
602 2021 679 2101 ἔρδω
701 2027 970 2100 transmutatum
980 2020 1039 2101 sit',
1072 2024 1182 2112 graeci

124 2106 335 2192 grammatici
374 2115 546 2171 uenerunt.
589 2104 666 2168 Vid.
687 2104 882 2170 Buttmann.
913 2107 1065 2170 Gramm.
1087 2107 1131 2173 Τ.
1148 2115 1181 2174 2:

124 2215 160 2279 p.
183 2195 258 2256 225.
308 2192 381 2255 Hoc
406 2213 482 2256 vcro
505 2192 537 2274 ἕρ
557 2215 580 2253 ω
609 2189 776 2276 digamma
803 2191 993 2280 praeposito
1009 2190 1049 2255 fit
1067 2215 1182 2282 aergo,

123 2288 163 2342 ut
189 2277 251 2341 alia
274 2276 434 2342 similiter.
477 2215 573 2341 Vnde
598 2273 814 2355 factumest,
845 2287 883 2340 ut
912 2298 1000 2367 ergo
1030 2287 1062 2342 ct
1083 2289 1181 2367 ergo,

78 2365 86 2378 ¹
124 2363 283 2429 ablativae
297 2361 428 2428 formae
444 2361 586 2428 obsoleti
596 2361 761 2441 vocabuli,
778 2362 879 2428 alium
895 2359 1113 2448 significatum
1124 2387 1181 2428 ac-

65 2445 67 2454 '
125 2450 274 2538 ciperent
291 2472 333 2514 cx
351 2450 507 2530 notione,
538 2469 622 2533 quae
635 2471 707 2512 rem
724 2447 776 2512 vei
792 2447 832 2512 ad
852 2447 892 2511 ali
904 2535 905 2538 Ἴ
919 2446 975 2510 uid·
991 2459 1182 2540 vergentem

124 2535 177 2601 vsi
194 2558 235 2600 ex
253 2536 362 2625 aliqua
377 2557 413 2599 rc
430 2533 677 2616 deflectentem,
701 2533 791 2622 quod
815 2543 879 2613 est,
896 2470 983 2597 izer-
1004 2533 1077 2600 und
1098 2535 1180 2600 lein-

21 2693 24 2702 Α
124 2621 286 2698 werden,
311 2621 478 2708 designat,
502 2619 602 2684 aliurn
620 2643 663 2686 cx
676 2620 816 2688 notione
832 2618 1041 2684 conficiendi.
1080 2620 1182 2703 Quod
1265 2651 1268 2656 ·

123 2707 302 2786 discrimen
331 2729 435 2794 quum
467 2716 594 2772 veteres
628 2705 1120 2794 grammatici.intellexissent,
1149 2716 1182 2771 et

124 2793 210 2860 adeo
225 2794 500 2881 pronuntiatione
521 2791 717 2857 distinctum
738 2791 918 2873 vidissent,
940 2791 974 2855 in
1000 2794 1181 2879 quantitate

112 2905 139 2946 s
166 2880 270 2946 ilabac
287 2891 456 2946 extremas
472 2878 600 2944 diversa
621 2877 821 2978 quaerebant
838 2889 1081 2965 argumentum.
1110 2878 1181 2943 ‘sic

149 2977 237 3032 estus
269 2965 313 3028 du
339 2965 436 3030 iicem
468 2963 745 3051 significationem
776 2963 869 3029 verbi
903 2985 986 3052 ergo
1020 2963 1180 3052 explicari

122 3073 224 3142 posse
243 3061 322 3138 puta
348 3062 391 3115 at.
438 3051 507 3115 Eo
522 3073 602 3115 vcro
622 3051 778 3113 notiones
799 3059 862 3136 pei·
887 3055 975 3113 varia
995 3051 1093 3115 verba
1125 3049 1179 3114 di·
1263 3093 1267 3100 ·

75 3203 79 3212 ,
124 3159 256 3236 sperses
274 3137 309 3200 iu
326 3159 409 3284 erp-0
424 3075 521 3200 video
538 3156 651 3201 seusus
672 3134 844 3214 collectas,
872 3155 934 3198 nec
948 3134 1055 3202 miror
1070 3135 1180 3202 diver-

124 3233 258 3290 sitatem
274 3221 358 3309 signi
386 3221 535 3286 cationis.

196 3358 241 3420 -1,
267 3349 372 3438 igitur
392 3371 499 3435 erga,
534 3345 626 3436 quod
649 3341 718 3413 uon
743 3357 792 3412 est
814 3349 911 3433 ἔργω·
932 3349 1044 3435 quasi,
1072 3356 1111 3412 ut
1134 3348 1180 3412 ait

122 3437 281 3516 Vossius,
304 3445 482 3523 occupatus
499 3434 542 3498 sit
558 3434 708 3512 animus,
729 3444 766 3496 ut
782 3433 866 3500 benc
881 3435 1006 3499 malene
1022 3434 1051 3498 ci
1067 3432 1178 3516 faciat,
1252 3493 1258 3498 .

123 3544 202 3608 erga
219 3543 318 3608 quem
336 3521 421 3586 beno
435 3531 491 3585 erit
505 3520 590 3584 maie
608 3511 743 3584 affectus
762 3520 822 3598 sit,
844 3522 962 3586 neceb
981 3517 1063 3606 εἴργοι
1079 3541 1178 3668 repe-

121 3606 263 3672 tendum
281 3617 348 3687 cst,
373 3605 464 3693 quod
481 3605 636 3671 Scheidio
653 3605 692 3670 ad
708 3605 881 3670 Sanctium
899 3629 932 3694 p.
944 3612 1020 3673 228.
1043 3605 1115 3671 vide
1140 3629 1177 3670 a-

121 3703 198 3773 tur,
225 3693 317 3778 quasi
338 3691 501 3780 significet
519 3714 625 3766 nexu,
647 3690 900 3769 coniunctione,
925 3693 1089 3758 rationem
1106 3713 1178 3756 eam

120 3776 305 3863 significat,
329 3801 393 3866 qua
413 3777 492 3864 quid
511 3777 552 3842 ad
576 3777 721 3863 aliquam
742 3798 816 3840 scm
839 3779 954 3863 vergit.
995 3779 1039 3842 Et
1058 3776 1177 3841 dicitur

68 3855 71 3870 '
122 3863 166 3928 de
179 3859 255 3928 loco
273 3886 310 3928 ao
324 3865 478 3952 regione.
496 3885 578 3947 quac
596 3873 646 3928 cst
659 3882 770 3926 versus
788 3860 934 3957 aliquem
950 3885 1040 3927 rem:
1060 3885 1177 3948 gegeu

122 3961 233 4014 etwas
255 3951 326 4015 Irin.
371 3949 437 4012 Sed
458 3947 538 4012 haec
565 3948 659 4012 notio
683 3948 749 4012 iam
773 3950 910 4046 antiqno
935 3961 1088 4036 tempore
1111 3947 1177 4011 ob-

122 4034 250 4100 solevit.
301 4033 471 4099 Renovate
495 4044 545 4097 est
570 4030 774 4096 consuetudo
807 4035 988 4098 novissimo
1013 4045 1176 4119 tempore.
1283 4097 1294 4118 ,

123 4120 309 4190 Priscianus
325 4142 361 4208 p.
379 4123 454 4186 990.
478 4140 565 4205 ergo
581 4118 688 4184 etiam
702 4118 769 4204 περὶ
779 4141 946 4205 graecum
959 4114 1147 4206 significat.
