<?xml version="1.0" encoding="UTF-8"?>
<!DOCTYPE html PUBLIC "-//W3C//DTD XHTML 1.0 Transitional//EN"
    "http://www.w3.org/TR/xhtml1/DTD/xhtml1-transitional.dtd">
<html xmlns="http://www.w3.org/1999/xhtml" xml:lang="en" lang="en">
 <head>
  <title>
</title>
<meta http-equiv="Content-Type" content="text/html;charset=utf-8" />
  <meta name='ocr-system' content='tesseract 3.04.00' />
  <meta name='ocr-capabilities' content='ocr_page ocr_carea ocr_par ocr_line ocrx_word'/>
</head>
<body>
  <div class='ocr_page' id='page_1' title='image "./ferdinandihandi02handgoog_0076.png"; bbox 0 0 2802 4744; ppageno 0'>
   <div class='ocr_carea' id='block_1_1' title="bbox 407 423 1117 502">
    <p class='ocr_par' dir='ltr' id='par_1_1' title="bbox 407 423 1117 502">
     <span class='ocr_line' id='line_1_1' title="bbox 407 423 1117 502; baseline 0.011 -9"><span class='ocrx_word' id='word_1_1' title='bbox 407 425 548 494; x_wconf 80' lang='lat' dir='ltr'>ClllCd.</span> <span class='ocrx_word' id='word_1_2' title='bbox 593 423 773 494; x_wconf 80' lang='lat' dir='ltr'>CIRCVM.</span> <span class='ocrx_word' id='word_1_3' title='bbox 1072 435 1117 502; x_wconf 80' lang='grc'>60</span> 
     </span>
    </p>
   </div>
   <div class='ocr_carea' id='block_1_2' title="bbox 128 580 1114 826">
    <p class='ocr_par' dir='ltr' id='par_1_2' title="bbox 128 580 1114 826">
     <span class='ocr_line' id='line_1_2' title="bbox 135 580 1114 654; baseline 0.002 -16"><span class='ocrx_word' id='word_1_4' title='bbox 135 580 268 638; x_wconf 84' lang='lat' dir='ltr'>exhibent</span> <span class='ocrx_word' id='word_1_5' title='bbox 283 581 351 641; x_wconf 83' lang='lat' dir='ltr'>libri</span> <span class='ocrx_word' id='word_1_6' title='bbox 365 583 477 654; x_wconf 75' lang='lat' dir='ltr'>scripti:</span> <span class='ocrx_word' id='word_1_7' title='bbox 492 586 624 654; x_wconf 79' lang='lat' dir='ltr'>turboque</span> <span class='ocrx_word' id='word_1_8' title='bbox 638 583 710 640; x_wconf 81' lang='lat' dir='ltr'>circe</span> <span class='ocrx_word' id='word_1_9' title='bbox 727 585 838 650; x_wconf 60' lang='lat' dir='ltr'>coruum</span> <span class='ocrx_word' id='word_1_10' title='bbox 857 589 951 638; x_wconf 75' lang='lat' dir='ltr'>unos</span> <span class='ocrx_word' id='word_1_11' title='bbox 968 601 1033 640; x_wconf 78' lang='lat' dir='ltr'>nem</span> <span class='ocrx_word' id='word_1_12' title='bbox 1045 585 1114 640; x_wconf 85' lang='lat' dir='ltr'>diel-</span> 
     </span>
     <span class='ocr_line' id='line_1_3' title="bbox 133 663 1112 733; baseline 0.001 -10"><span class='ocrx_word' id='word_1_13' title='bbox 133 675 179 723; x_wconf 84' lang='lat' dir='ltr'>tur</span> <span class='ocrx_word' id='word_1_14' title='bbox 200 672 280 732; x_wconf 78' lang='lat' dir='ltr'>turbo</span> <span class='ocrx_word' id='word_1_15' title='bbox 307 672 386 727; x_wconf 67' lang='lat' dir='ltr'>circis</span> <span class='ocrx_word' id='word_1_16' title='bbox 422 671 482 722; x_wconf 85' lang='lat' dir='ltr'>l&#39;id.</span> <span class='ocrx_word' id='word_1_17' title='bbox 507 671 629 724; x_wconf 82' lang='lat' dir='ltr'>Gronov.</span> <span class='ocrx_word' id='word_1_18' title='bbox 654 669 690 724; x_wconf 84' lang='lat' dir='ltr'>etl</span> <span class='ocrx_word' id='word_1_19' title='bbox 711 667 771 723; x_wconf 82' lang='lat' dir='ltr'>liv.</span> <span class='ocrx_word' id='word_1_20' title='bbox 789 667 843 733; x_wconf 85' lang='lat'>21,</span> <span class='ocrx_word' id='word_1_21' title='bbox 858 663 908 732; x_wconf 79' lang='lat' dir='ltr'>le,</span> <span class='ocrx_word' id='word_1_22' title='bbox 923 666 949 722; x_wconf 81' lang='lat' dir='ltr'>t.</span> <span class='ocrx_word' id='word_1_23' title='bbox 977 676 1009 724; x_wconf 88' lang='lat' dir='ltr'>ut</span> <span class='ocrx_word' id='word_1_24' title='bbox 1023 670 1112 726; x_wconf 73' lang='lat' dir='ltr'>Tacit.</span> 
     </span>
     <span class='ocr_line' id='line_1_4' title="bbox 128 753 812 826; baseline -0.006 -14"><span class='ocrx_word' id='word_1_25' title='bbox 128 757 197 816; x_wconf 73' lang='lat' dir='ltr'>Anu·</span> <span class='ocrx_word' id='word_1_26' title='bbox 212 756 268 822; x_wconf 79' lang='lat' dir='ltr'>tl,</span> <span class='ocrx_word' id='word_1_27' title='bbox 280 753 324 810; x_wconf 76' lang='lat'>31.</span> <span class='ocrx_word' id='word_1_28' title='bbox 342 761 473 824; x_wconf 82' lang='lat' dir='ltr'>strepente</span> <span class='ocrx_word' id='word_1_29' title='bbox 488 755 584 810; x_wconf 78' lang='lat' dir='ltr'>circum</span> <span class='ocrx_word' id='word_1_30' title='bbox 598 755 708 826; x_wconf 76' lang='lat' dir='ltr'>procaci</span> <span class='ocrx_word' id='word_1_31' title='bbox 725 753 812 808; x_wconf 76' lang='lat' dir='ltr'>choro.</span> 
     </span>
    </p>
   </div>
   <div class='ocr_carea' id='block_1_3' title="bbox 57 905 1117 1680">
    <p class='ocr_par' dir='ltr' id='par_1_3' title="bbox 57 905 1117 1680">
     <span class='ocr_line' id='line_1_5' title="bbox 144 905 1113 1002; baseline -0.001 -29"><span class='ocrx_word' id='word_1_32' title='bbox 144 905 236 974; x_wconf 86' lang='lat' dir='ltr'>Tum</span> <span class='ocrx_word' id='word_1_33' title='bbox 245 905 463 993; x_wconf 85' lang='lat' dir='ltr'>componitur</span> <span class='ocrx_word' id='word_1_34' title='bbox 477 906 681 1002; x_wconf 65' lang='lat' dir='ltr'>praepositio</span> <span class='ocrx_word' id='word_1_35' title='bbox 697 905 896 987; x_wconf 84' lang='lat' dir='ltr'>cumverbo,</span> <span class='ocrx_word' id='word_1_36' title='bbox 909 924 1043 992; x_wconf 89' lang='lat' dir='ltr'>unoque</span> <span class='ocrx_word' id='word_1_37' title='bbox 1057 927 1113 972; x_wconf 85' lang='lat' dir='ltr'>ec-</span> 
     </span>
     <span class='ocr_line' id='line_1_6' title="bbox 70 989 1115 1077; baseline 0.007 -26"><span class='ocrx_word' id='word_1_38' title='bbox 70 1001 161 1056; x_wconf 89' lang='lat' dir='ltr'>centu</span> <span class='ocrx_word' id='word_1_39' title='bbox 186 1005 381 1076; x_wconf 85' lang='lat' dir='ltr'>utrumque</span> <span class='ocrx_word' id='word_1_40' title='bbox 397 1001 589 1068; x_wconf 78' lang='lat' dir='ltr'>continetur</span> <span class='ocrx_word' id='word_1_41' title='bbox 614 1011 683 1056; x_wconf 85' lang='lat' dir='ltr'>non</span> <span class='ocrx_word' id='word_1_42' title='bbox 705 1001 833 1056; x_wconf 82' lang='lat' dir='ltr'>tantum</span> <span class='ocrx_word' id='word_1_43' title='bbox 855 991 971 1069; x_wconf 89' lang='lat' dir='ltr'>iniis,</span> <span class='ocrx_word' id='word_1_44' title='bbox 999 989 1115 1077; x_wconf 82' lang='lat' dir='ltr'>quibus</span> 
     </span>
     <span class='ocr_line' id='line_1_7' title="bbox 68 1075 1115 1162; baseline 0.007 -26"><span class='ocrx_word' id='word_1_45' title='bbox 68 1079 263 1162; x_wconf 83' lang='lat' dir='ltr'><strong>exprimitur</strong></span> <span class='ocrx_word' id='word_1_46' title='bbox 278 1077 387 1154; x_wconf 81' lang='lat' dir='ltr'>ectio,</span> <span class='ocrx_word' id='word_1_47' title='bbox 411 1096 493 1160; x_wconf 91' lang='lat' dir='ltr'>quae</span> <span class='ocrx_word' id='word_1_48' title='bbox 507 1098 580 1156; x_wconf 81' lang='lat' dir='ltr'>rem</span> <span class='ocrx_word' id='word_1_49' title='bbox 605 1075 750 1162; x_wconf 80' lang='lat' dir='ltr'>aliquem</span> <span class='ocrx_word' id='word_1_50' title='bbox 773 1077 950 1142; x_wconf 80' lang='lat' dir='ltr'>circumeat</span> <span class='ocrx_word' id='word_1_51' title='bbox 972 1088 1027 1145; x_wconf 89' lang='lat' dir='ltr'>aut</span> <span class='ocrx_word' id='word_1_52' title='bbox 1048 1078 1115 1144; x_wconf 84' lang='lat' dir='ltr'>cir-</span> 
     </span>
     <span class='ocr_line' id='line_1_8' title="bbox 67 1158 1117 1250; baseline 0.01 -30"><span class='ocrx_word' id='word_1_53' title='bbox 67 1163 326 1250; x_wconf 83' lang='lat' dir='ltr'>cumplectatur,</span> <span class='ocrx_word' id='word_1_54' title='bbox 349 1158 405 1222; x_wconf 92' lang='lat' dir='ltr'>sed</span> <span class='ocrx_word' id='word_1_55' title='bbox 425 1159 522 1224; x_wconf 90' lang='lat' dir='ltr'>etiam</span> <span class='ocrx_word' id='word_1_56' title='bbox 546 1159 604 1224; x_wconf 90' lang='lat' dir='ltr'>ubi</span> <span class='ocrx_word' id='word_1_57' title='bbox 628 1161 772 1226; x_wconf 89' lang='lat' dir='ltr'>conditio</span> <span class='ocrx_word' id='word_1_58' title='bbox 797 1161 1011 1244; x_wconf 75' lang='lat' dir='ltr'>describitur,</span> <span class='ocrx_word' id='word_1_59' title='bbox 1034 1183 1117 1250; x_wconf 84' lang='lat' dir='ltr'>quae</span> 
     </span>
     <span class='ocr_line' id='line_1_9' title="bbox 66 1245 1117 1334; baseline 0.006 -26"><span class='ocrx_word' id='word_1_60' title='bbox 66 1245 101 1310; x_wconf 87' lang='lat' dir='ltr'>ad</span> <span class='ocrx_word' id='word_1_61' title='bbox 118 1259 227 1312; x_wconf 81' lang='lat' dir='ltr'>totum</span> <span class='ocrx_word' id='word_1_62' title='bbox 246 1267 319 1310; x_wconf 86' lang='lat' dir='ltr'>rem</span> <span class='ocrx_word' id='word_1_63' title='bbox 337 1246 517 1332; x_wconf 73' lang='lat' dir='ltr'>pertineat,</span> <span class='ocrx_word' id='word_1_64' title='bbox 540 1255 663 1310; x_wconf 87' lang='lat' dir='ltr'>autres</span> <span class='ocrx_word' id='word_1_65' title='bbox 707 1269 742 1310; x_wconf 88' lang='lat' dir='ltr'>er</span> <span class='ocrx_word' id='word_1_66' title='bbox 756 1249 926 1334; x_wconf 85' lang='lat' dir='ltr'>regionem</span> <span class='ocrx_word' id='word_1_67' title='bbox 943 1249 1027 1313; x_wconf 87' lang='lat' dir='ltr'>cirea</span> <span class='ocrx_word' id='word_1_68' title='bbox 1049 1247 1117 1314; x_wconf 87' lang='lat' dir='ltr'>dis·</span> 
     </span>
     <span class='ocr_line' id='line_1_10' title="bbox 63 1269 1114 1419; baseline 0.006 -25"><span class='ocrx_word' id='word_1_69' title='bbox 63 1335 185 1416; x_wconf 83' lang='lat' dir='ltr'>posite.</span> <span class='ocrx_word' id='word_1_70' title='bbox 231 1331 279 1394; x_wconf 87' lang='lat' dir='ltr'>lta</span> <span class='ocrx_word' id='word_1_71' title='bbox 296 1331 550 1396; x_wconf 70' lang='lat' dir='ltr'>circumsedere</span> <span class='ocrx_word' id='word_1_72' title='bbox 572 1331 660 1419; x_wconf 87' lang='lat' dir='ltr'>apud</span> <span class='ocrx_word' id='word_1_73' title='bbox 680 1269 764 1397; x_wconf 68' lang='lat' dir='ltr'>itin.</span> <span class='ocrx_word' id='word_1_74' title='bbox 789 1335 873 1399; x_wconf 85' lang='lat' dir='ltr'>Hist.</span> <span class='ocrx_word' id='word_1_75' title='bbox 900 1335 1114 1415; x_wconf 79' lang='lat' dir='ltr'>n.14,1,e.</span> 
     </span>
     <span class='ocr_line' id='line_1_11' title="bbox 57 1417 1114 1508; baseline 0.007 -29"><span class='ocrx_word' id='word_1_76' title='bbox 57 1417 337 1482; x_wconf 83' lang='lat' dir='ltr'>circumuascens</span> <span class='ocrx_word' id='word_1_77' title='bbox 353 1422 384 1500; x_wconf 77' lang='lat'>2,</span> <span class='ocrx_word' id='word_1_78' title='bbox 404 1422 476 1496; x_wconf 83' lang='grc'><strong>103,</strong></span> <span class='ocrx_word' id='word_1_79' title='bbox 493 1421 563 1482; x_wconf 86' lang='grc'><strong>106.</strong></span> <span class='ocrx_word' id='word_1_80' title='bbox 587 1419 850 1494; x_wconf 82' lang='lat' dir='ltr'>circumsonare,</span> <span class='ocrx_word' id='word_1_81' title='bbox 864 1419 904 1484; x_wconf 86' lang='lat' dir='ltr'>de</span> <span class='ocrx_word' id='word_1_82' title='bbox 919 1419 1014 1500; x_wconf 88' lang='lat' dir='ltr'>loeis,</span> <span class='ocrx_word' id='word_1_83' title='bbox 1030 1441 1114 1508; x_wconf 87' lang='lat' dir='ltr'>quae</span> 
     </span>
     <span class='ocr_line' id='line_1_12' title="bbox 62 1502 1113 1592; baseline 0.01 -31"><span class='ocrx_word' id='word_1_84' title='bbox 62 1502 189 1566; x_wconf 87' lang='lat' dir='ltr'>circum</span> <span class='ocrx_word' id='word_1_85' title='bbox 205 1513 382 1583; x_wconf 88' lang='lat' dir='ltr'>resonant,</span> <span class='ocrx_word' id='word_1_86' title='bbox 405 1503 495 1592; x_wconf 80' lang='lat' dir='ltr'>opud</span> <span class='ocrx_word' id='word_1_87' title='bbox 507 1503 578 1567; x_wconf 84' lang='lat' dir='ltr'>Ltv.</span> <span class='ocrx_word' id='word_1_88' title='bbox 593 1507 652 1580; x_wconf 78' lang='lat'>39,</span> <span class='ocrx_word' id='word_1_89' title='bbox 673 1509 731 1587; x_wconf 89' lang='grc'>10,</span> <span class='ocrx_word' id='word_1_90' title='bbox 749 1509 780 1568; x_wconf 87' lang='grc'>7.</span> <span class='ocrx_word' id='word_1_91' title='bbox 803 1515 857 1568; x_wconf 91' lang='lat' dir='ltr'>aut</span> <span class='ocrx_word' id='word_1_92' title='bbox 875 1508 976 1572; x_wconf 80' lang='lat' dir='ltr'>active</span> <span class='ocrx_word' id='word_1_93' title='bbox 995 1505 1035 1570; x_wconf 91' lang='lat' dir='ltr'>de</span> <span class='ocrx_word' id='word_1_94' title='bbox 1051 1527 1113 1572; x_wconf 89' lang='lat' dir='ltr'>vo·</span> 
     </span>
     <span class='ocr_line' id='line_1_13' title="bbox 63 1586 1062 1680; baseline 0.009 -31"><span class='ocrx_word' id='word_1_95' title='bbox 63 1586 155 1652; x_wconf 90' lang='lat' dir='ltr'>cibus</span> <span class='ocrx_word' id='word_1_96' title='bbox 172 1588 316 1674; x_wconf 90' lang='lat' dir='ltr'>undique</span> <span class='ocrx_word' id='word_1_97' title='bbox 334 1587 455 1671; x_wconf 73' lang='lat' dir='ltr'>allatis,</span> <span class='ocrx_word' id='word_1_98' title='bbox 479 1590 721 1654; x_wconf 80' lang='lat' dir='ltr'>circumiacere</span> <span class='ocrx_word' id='word_1_99' title='bbox 738 1590 827 1680; x_wconf 88' lang='lat' dir='ltr'>apud</span> <span class='ocrx_word' id='word_1_100' title='bbox 846 1589 916 1657; x_wconf 88' lang='lat' dir='ltr'>Liv.</span> <span class='ocrx_word' id='word_1_101' title='bbox 930 1595 991 1673; x_wconf 80' lang='grc'>87,</span> <span class='ocrx_word' id='word_1_102' title='bbox 1009 1593 1062 1658; x_wconf 80' lang='grc'>61.</span> 
     </span>
    </p>
   </div>
   <div class='ocr_carea' id='block_1_4' title="bbox 72 1711 1111 2560">
    <p class='ocr_par' dir='ltr' id='par_1_4' title="bbox 72 1711 1111 2560">
     <span class='ocr_line' id='line_1_14' title="bbox 72 1711 1111 1810; baseline 0.002 -30"><span class='ocrx_word' id='word_1_103' title='bbox 72 1711 76 1732; x_wconf 87' lang='grc'><strong>’</strong></span> <span class='ocrx_word' id='word_1_104' title='bbox 170 1723 289 1794; x_wconf 72' lang='lat' dir='ltr'>Legitur</span> <span class='ocrx_word' id='word_1_105' title='bbox 305 1724 377 1795; x_wconf 69' lang='lat' dir='ltr'>spur</span> <span class='ocrx_word' id='word_1_106' title='bbox 393 1724 451 1782; x_wconf 76' lang='lat' dir='ltr'>cu.</span> <span class='ocrx_word' id='word_1_107' title='bbox 466 1725 501 1778; x_wconf 78' lang='lat' dir='ltr'>u</span> <span class='ocrx_word' id='word_1_108' title='bbox 524 1726 580 1783; x_wconf 88' lang='lat' dir='ltr'>or.</span> <span class='ocrx_word' id='word_1_109' title='bbox 594 1726 627 1792; x_wconf 88' lang='lat' dir='ltr'>a,</span> <span class='ocrx_word' id='word_1_110' title='bbox 641 1726 675 1810; x_wconf 71' lang='lat' dir='ltr'>q,</span> <span class='ocrx_word' id='word_1_111' title='bbox 690 1725 716 1780; x_wconf 80' lang='grc' dir='ltr'>ι.</span> <span class='ocrx_word' id='word_1_112' title='bbox 735 1729 877 1784; x_wconf 68' lang='lat' dir='ltr'>sucum</span> <span class='ocrx_word' id='word_1_113' title='bbox 896 1728 1029 1793; x_wconf 64' lang='lat' dir='ltr'>arctim,</span> <span class='ocrx_word' id='word_1_114' title='bbox 1047 1727 1111 1782; x_wconf 70' lang='lat' dir='ltr'>sau-</span> 
     </span>
     <span class='ocr_line' id='line_1_15' title="bbox 128 1807 1111 1882; baseline 0.002 -18"><span class='ocrx_word' id='word_1_115' title='bbox 128 1811 177 1864; x_wconf 80' lang='lat' dir='ltr'>bue</span> <span class='ocrx_word' id='word_1_116' title='bbox 190 1828 269 1866; x_wconf 67' lang='lat' dir='ltr'>cura</span> <span class='ocrx_word' id='word_1_117' title='bbox 284 1819 347 1866; x_wconf 80' lang='lat' dir='ltr'>tuus</span> <span class='ocrx_word' id='word_1_118' title='bbox 364 1807 470 1864; x_wconf 81' lang='lat' dir='ltr'>oucibus</span> <span class='ocrx_word' id='word_1_119' title='bbox 491 1814 607 1882; x_wconf 75' lang='lat' dir='ltr'>undique</span> <span class='ocrx_word' id='word_1_120' title='bbox 623 1813 823 1866; x_wconf 81' lang='lat' dir='ltr'>circumsonare.</span> <span class='ocrx_word' id='word_1_121' title='bbox 852 1811 925 1881; x_wconf 84' lang='lat' dir='ltr'>quod</span> <span class='ocrx_word' id='word_1_122' title='bbox 949 1817 991 1865; x_wconf 79' lang='lat' dir='ltr'>est</span> <span class='ocrx_word' id='word_1_123' title='bbox 1010 1812 1111 1868; x_wconf 66' lang='lat' dir='ltr'>tunsus</span> 
     </span>
     <span class='ocr_line' id='line_1_16' title="bbox 124 1894 1110 1963; baseline 0.004 -17"><span class='ocrx_word' id='word_1_124' title='bbox 124 1894 240 1950; x_wconf 82' lang='lat' dir='ltr'>vocibus</span> <span class='ocrx_word' id='word_1_125' title='bbox 254 1895 374 1963; x_wconf 80' lang='lat' dir='ltr'>undique</span> <span class='ocrx_word' id='word_1_126' title='bbox 387 1911 549 1962; x_wconf 77' lang='lat' dir='ltr'>personare,</span> <span class='ocrx_word' id='word_1_127' title='bbox 571 1904 601 1950; x_wconf 83' lang='lat' dir='ltr'>ut</span> <span class='ocrx_word' id='word_1_128' title='bbox 615 1902 657 1952; x_wconf 85' lang='lat' dir='ltr'>est</span> <span class='ocrx_word' id='word_1_129' title='bbox 671 1895 706 1949; x_wconf 82' lang='lat' dir='ltr'>ed</span> <span class='ocrx_word' id='word_1_130' title='bbox 719 1897 797 1950; x_wconf 78' lang='lat' dir='ltr'>Fam.</span> <span class='ocrx_word' id='word_1_131' title='bbox 812 1894 846 1961; x_wconf 84' lang='grc'>0,</span> <span class='ocrx_word' id='word_1_132' title='bbox 861 1895 910 1962; x_wconf 83' lang='grc'>18,</span> <span class='ocrx_word' id='word_1_133' title='bbox 924 1896 951 1952; x_wconf 72' lang='lat' dir='ltr'>i.</span> <span class='ocrx_word' id='word_1_134' title='bbox 985 1897 1110 1962; x_wconf 86' lang='lat' dir='ltr'>Beierns,</span> 
     </span>
     <span class='ocr_line' id='line_1_17' title="bbox 126 1977 1109 2048; baseline -0.001 -13"><span class='ocrx_word' id='word_1_135' title='bbox 126 1978 176 2048; x_wconf 82' lang='lat' dir='ltr'>qui</span> <span class='ocrx_word' id='word_1_136' title='bbox 189 1979 299 2037; x_wconf 76' lang='lat' dir='ltr'>videret</span> <span class='ocrx_word' id='word_1_137' title='bbox 312 1977 425 2034; x_wconf 83' lang='lat' dir='ltr'>Pearcii</span> <span class='ocrx_word' id='word_1_138' title='bbox 442 1978 654 2048; x_wconf 74' lang='lat' dir='ltr'>explicationem</span> <span class='ocrx_word' id='word_1_139' title='bbox 674 1981 709 2034; x_wconf 89' lang='lat' dir='ltr'>de</span> <span class='ocrx_word' id='word_1_140' title='bbox 729 1980 887 2036; x_wconf 73' lang='lat' dir='ltr'>meantibus</span> <span class='ocrx_word' id='word_1_141' title='bbox 911 1981 1024 2036; x_wconf 81' lang='lat' dir='ltr'>curibus</span> <span class='ocrx_word' id='word_1_142' title='bbox 1041 1981 1109 2035; x_wconf 86' lang='lat' dir='ltr'>ridi-</span> 
     </span>
     <span class='ocr_line' id='line_1_18' title="bbox 125 2064 1108 2138; baseline 0.004 -22"><span class='ocrx_word' id='word_1_143' title='bbox 125 2064 219 2120; x_wconf 84' lang='lat' dir='ltr'>culam</span> <span class='ocrx_word' id='word_1_144' title='bbox 235 2081 313 2131; x_wconf 84' lang='lat' dir='ltr'>esse,</span> <span class='ocrx_word' id='word_1_145' title='bbox 334 2064 460 2120; x_wconf 76' lang='lat' dir='ltr'>correxit</span> <span class='ocrx_word' id='word_1_146' title='bbox 473 2066 676 2132; x_wconf 77' lang='lat' dir='ltr'>circumsessuri,</span> <span class='ocrx_word' id='word_1_147' title='bbox 695 2073 785 2120; x_wconf 84' lang='lat' dir='ltr'>tamen</span> <span class='ocrx_word' id='word_1_148' title='bbox 801 2067 877 2121; x_wconf 87' lang='lat' dir='ltr'>nullo</span> <span class='ocrx_word' id='word_1_149' title='bbox 890 2066 1016 2138; x_wconf 85' lang='lat' dir='ltr'>exemplo</span> <span class='ocrx_word' id='word_1_150' title='bbox 1034 2084 1108 2120; x_wconf 90' lang='lat' dir='ltr'>com-</span> 
     </span>
     <span class='ocr_line' id='line_1_19' title="bbox 124 2147 1109 2220; baseline 0.003 -18"><span class='ocrx_word' id='word_1_151' title='bbox 124 2147 275 2220; x_wconf 76' lang='lat' dir='ltr'>probarit,</span> <span class='ocrx_word' id='word_1_152' title='bbox 305 2148 463 2217; x_wconf 77' lang='lat' dir='ltr'>prosaicum</span> <span class='ocrx_word' id='word_1_153' title='bbox 493 2148 656 2219; x_wconf 83' lang='lat' dir='ltr'>scriptorem</span> <span class='ocrx_word' id='word_1_154' title='bbox 680 2151 784 2218; x_wconf 88' lang='lat' dir='ltr'>ullum,</span> <span class='ocrx_word' id='word_1_155' title='bbox 814 2153 914 2206; x_wconf 87' lang='lat' dir='ltr'>nedum</span> <span class='ocrx_word' id='word_1_156' title='bbox 947 2150 1109 2206; x_wconf 76' lang='lat' dir='ltr'>Ciceronem</span> 
     </span>
     <span class='ocr_line' id='line_1_20' title="bbox 122 2233 1109 2303; baseline 0 -14"><span class='ocrx_word' id='word_1_157' title='bbox 122 2233 234 2302; x_wconf 77' lang='lat' dir='ltr'>passivo</span> <span class='ocrx_word' id='word_1_158' title='bbox 251 2250 331 2286; x_wconf 82' lang='lat' dir='ltr'>usum</span> <span class='ocrx_word' id='word_1_159' title='bbox 347 2251 415 2287; x_wconf 85' lang='lat' dir='ltr'>csse.</span> <span class='ocrx_word' id='word_1_160' title='bbox 450 2233 545 2303; x_wconf 82' lang='lat' dir='ltr'>Neque</span> <span class='ocrx_word' id='word_1_161' title='bbox 560 2236 659 2291; x_wconf 77' lang='lat' dir='ltr'>cicero</span> <span class='ocrx_word' id='word_1_162' title='bbox 681 2236 796 2292; x_wconf 80' lang='lat' dir='ltr'>dixisset</span> <span class='ocrx_word' id='word_1_163' title='bbox 809 2255 890 2291; x_wconf 57' lang='lat' dir='ltr'>,ocrea</span> <span class='ocrx_word' id='word_1_164' title='bbox 911 2237 1109 2302; x_wconf 72' lang='lat' dir='ltr'>circumeunti,</span> 
     </span>
     <span class='ocr_line' id='line_1_21' title="bbox 124 2321 1110 2386; baseline -0.001 -14"><span class='ocrx_word' id='word_1_165' title='bbox 124 2338 172 2374; x_wconf 83' lang='lat' dir='ltr'>nec</span> <span class='ocrx_word' id='word_1_166' title='bbox 184 2337 247 2374; x_wconf 82' lang='lat' dir='ltr'>eae</span> <span class='ocrx_word' id='word_1_167' title='bbox 268 2321 425 2380; x_wconf 39' lang='lat' dir='ltr'>erudire.</span> <span class='ocrx_word' id='word_1_168' title='bbox 458 2321 612 2373; x_wconf 86' lang='lat' dir='ltr'>Pronomcn</span> <span class='ocrx_word' id='word_1_169' title='bbox 628 2339 686 2386; x_wconf 86' lang='lat' dir='ltr'>ees,</span> <span class='ocrx_word' id='word_1_170' title='bbox 708 2322 847 2376; x_wconf 85' lang='lat' dir='ltr'>diversum</span> <span class='ocrx_word' id='word_1_171' title='bbox 867 2329 950 2375; x_wconf 83' lang='lat' dir='ltr'>entes</span> <span class='ocrx_word' id='word_1_172' title='bbox 972 2339 1031 2374; x_wconf 83' lang='lat' dir='ltr'>cese</span> <span class='ocrx_word' id='word_1_173' title='bbox 1046 2321 1110 2374; x_wconf 88' lang='lat' dir='ltr'>sub-</span> 
     </span>
     <span class='ocr_line' id='line_1_22' title="bbox 125 2403 1111 2477; baseline 0 -21"><span class='ocrx_word' id='word_1_174' title='bbox 125 2403 405 2474; x_wconf 63' lang='lat' dir='ltr'>renumerationis,</span> <span class='ocrx_word' id='word_1_175' title='bbox 430 2404 562 2460; x_wconf 68' lang='lat' dir='ltr'>acuum</span> <span class='ocrx_word' id='word_1_176' title='bbox 612 2403 769 2477; x_wconf 82' lang='lat' dir='ltr'>Scriptores</span> <span class='ocrx_word' id='word_1_177' title='bbox 796 2405 960 2474; x_wconf 85' lang='lat' dir='ltr'>posteriores</span> <span class='ocrx_word' id='word_1_178' title='bbox 982 2403 1111 2457; x_wconf 77' lang='lat' dir='ltr'>dicebant</span> 
     </span>
     <span class='ocr_line' id='line_1_23' title="bbox 125 2485 1031 2560; baseline 0.006 -20"><span class='ocrx_word' id='word_1_179' title='bbox 125 2492 243 2560; x_wconf 80' lang='lat' dir='ltr'>undiquc</span> <span class='ocrx_word' id='word_1_180' title='bbox 258 2490 364 2544; x_wconf 81' lang='lat' dir='ltr'>circum.</span> <span class='ocrx_word' id='word_1_181' title='bbox 1030 2485 1031 2490; x_wconf 59' lang='grc'>’</span> 
     </span>
    </p>
   </div>
   <div class='ocr_carea' id='block_1_5' title="bbox 67 2629 1166 4280">
    <p class='ocr_par' dir='ltr' id='par_1_5' title="bbox 67 2629 1166 4280">
     <span class='ocr_line' id='line_1_24' title="bbox 104 2629 1110 2728; baseline -0.005 -24"><span class='ocrx_word' id='word_1_182' title='bbox 104 2632 114 2687; x_wconf 69' lang='lat'>,¹</span> <span class='ocrx_word' id='word_1_183' title='bbox 144 2639 290 2728; x_wconf 84' lang='lat' dir='ltr'>Denique</span> <span class='ocrx_word' id='word_1_184' title='bbox 310 2639 482 2728; x_wconf 86' lang='lat' dir='ltr'>quaeritur</span> <span class='ocrx_word' id='word_1_185' title='bbox 500 2637 542 2704; x_wconf 87' lang='lat' dir='ltr'>de</span> <span class='ocrx_word' id='word_1_186' title='bbox 564 2629 672 2704; x_wconf 85' lang='lat' dir='ltr'>verbis</span> <span class='ocrx_word' id='word_1_187' title='bbox 691 2656 766 2698; x_wconf 90' lang='lat' dir='ltr'>cum</span> <span class='ocrx_word' id='word_1_188' title='bbox 789 2631 912 2720; x_wconf 86' lang='lat' dir='ltr'>duplici</span> <span class='ocrx_word' id='word_1_189' title='bbox 934 2635 1110 2722; x_wconf 78' lang='lat' dir='ltr'>praeposi-</span> 
     </span>
     <span class='ocr_line' id='line_1_25' title="bbox 70 2719 1108 2816; baseline 0.005 -36"><span class='ocrx_word' id='word_1_190' title='bbox 70 2721 153 2788; x_wconf 85' lang='lat' dir='ltr'>tione</span> <span class='ocrx_word' id='word_1_191' title='bbox 169 2728 379 2816; x_wconf 82' lang='lat' dir='ltr'>compositis‚</span> <span class='ocrx_word' id='word_1_192' title='bbox 403 2725 444 2791; x_wconf 91' lang='lat' dir='ltr'>de</span> <span class='ocrx_word' id='word_1_193' title='bbox 461 2747 524 2814; x_wconf 87' lang='lat' dir='ltr'>qua</span> <span class='ocrx_word' id='word_1_194' title='bbox 541 2747 578 2789; x_wconf 90' lang='lat' dir='ltr'>re</span> <span class='ocrx_word' id='word_1_195' title='bbox 594 2723 663 2789; x_wconf 83' lang='lat' dir='ltr'>dixi</span> <span class='ocrx_word' id='word_1_196' title='bbox 685 2721 724 2786; x_wconf 91' lang='lat' dir='ltr'>ad</span> <span class='ocrx_word' id='word_1_197' title='bbox 750 2721 844 2786; x_wconf 87' lang='lat' dir='ltr'>Statii</span> <span class='ocrx_word' id='word_1_198' title='bbox 869 2719 947 2784; x_wconf 76' lang='lat' dir='ltr'>sits.</span> <span class='ocrx_word' id='word_1_199' title='bbox 969 2727 1006 2798; x_wconf 89' lang='lat'>1,</span> <span class='ocrx_word' id='word_1_200' title='bbox 1024 2726 1060 2802; x_wconf 88' lang='lat'>1,</span> <span class='ocrx_word' id='word_1_201' title='bbox 1078 2729 1108 2785; x_wconf 86' lang='lat'>1.</span> 
     </span>
     <span class='ocr_line' id='line_1_26' title="bbox 68 2803 1110 2895; baseline 0.003 -26"><span class='ocrx_word' id='word_1_202' title='bbox 68 2803 126 2872; x_wconf 85' lang='lat' dir='ltr'>Sed</span> <span class='ocrx_word' id='word_1_203' title='bbox 140 2813 223 2890; x_wconf 81' lang='lat' dir='ltr'>ratio</span> <span class='ocrx_word' id='word_1_204' title='bbox 236 2813 417 2878; x_wconf 85' lang='lat' dir='ltr'>verborum</span> <span class='ocrx_word' id='word_1_205' title='bbox 432 2824 465 2876; x_wconf 88' lang='lat' dir='ltr'>et</span> <span class='ocrx_word' id='word_1_206' title='bbox 481 2807 725 2876; x_wconf 87' lang='lat' dir='ltr'>consuetudinis</span> <span class='ocrx_word' id='word_1_207' title='bbox 740 2818 889 2895; x_wconf 80' lang='lat' dir='ltr'>temporo</span> <span class='ocrx_word' id='word_1_208' title='bbox 906 2807 1110 2894; x_wconf 89' lang='lat' dir='ltr'>distinguen-</span> 
     </span>
     <span class='ocr_line' id='line_1_27' title="bbox 69 2892 1108 3043; baseline -0.008 -76"><span class='ocrx_word' id='word_1_209' title='bbox 69 2892 104 2956; x_wconf 66' lang='lat' dir='ltr'>da</span> <span class='ocrx_word' id='word_1_210' title='bbox 120 2910 203 2966; x_wconf 83' lang='lat' dir='ltr'>suut.</span> <span class='ocrx_word' id='word_1_211' title='bbox 234 2902 342 2986; x_wconf 85' lang='lat' dir='ltr'>Atque</span> <span class='ocrx_word' id='word_1_212' title='bbox 353 2900 484 2985; x_wconf 75' lang='lat' dir='ltr'>negavit</span> <span class='ocrx_word' id='word_1_213' title='bbox 499 2897 632 2964; x_wconf 86' lang='lat' dir='ltr'>Cortius</span> <span class='ocrx_word' id='word_1_214' title='bbox 651 2895 691 2959; x_wconf 86' lang='lat' dir='ltr'>od</span> <span class='ocrx_word' id='word_1_215' title='bbox 707 2893 838 2960; x_wconf 79' lang='lat' dir='ltr'>Sallust.</span> <span class='ocrx_word' id='word_1_216' title='bbox 850 2893 975 2960; x_wconf 88' lang='lat' dir='ltr'>Hister.</span> <span class='ocrx_word' id='word_1_217' title='bbox 989 2893 1108 3043; x_wconf 54' lang='lat' dir='ltr'>frapm.</span> 
     </span>
     <span class='ocr_line' id='line_1_28' title="bbox 67 2980 1108 3075; baseline -0.004 -29"><span class='ocrx_word' id='word_1_218' title='bbox 67 2999 95 3064; x_wconf 82' lang='lat' dir='ltr'>p.</span> <span class='ocrx_word' id='word_1_219' title='bbox 111 2985 180 3050; x_wconf 88' lang='grc'><strong>986.</strong></span> <span class='ocrx_word' id='word_1_220' title='bbox 203 2983 306 3052; x_wconf 83' lang='lat' dir='ltr'>scribi</span> <span class='ocrx_word' id='word_1_221' title='bbox 322 3008 422 3075; x_wconf 86' lang='lat' dir='ltr'>posse</span> <span class='ocrx_word' id='word_1_222' title='bbox 436 2983 529 3050; x_wconf 85' lang='lat' dir='ltr'>nullo</span> <span class='ocrx_word' id='word_1_223' title='bbox 544 2980 871 3060; x_wconf 82' lang='lat' dir='ltr'>circumudrcitente,</span> <span class='ocrx_word' id='word_1_224' title='bbox 891 3001 993 3066; x_wconf 90' lang='lat' dir='ltr'>quum</span> <span class='ocrx_word' id='word_1_225' title='bbox 1010 3003 1028 3043; x_wconf 86' lang='lat' dir='ltr'>a</span> <span class='ocrx_word' id='word_1_226' title='bbox 1070 3004 1108 3042; x_wconf 87' lang='lat' dir='ltr'>s-</span> 
     </span>
     <span class='ocr_line' id='line_1_29' title="bbox 69 3065 1109 3151; baseline 0.003 -29"><span class='ocrx_word' id='word_1_227' title='bbox 69 3065 133 3131; x_wconf 89' lang='lat' dir='ltr'>tinis</span> <span class='ocrx_word' id='word_1_228' title='bbox 157 3069 230 3136; x_wconf 86' lang='lat' dir='ltr'>sere</span> <span class='ocrx_word' id='word_1_229' title='bbox 253 3071 387 3136; x_wconf 83' lang='lat' dir='ltr'>c&#39;autum</span> <span class='ocrx_word' id='word_1_230' title='bbox 409 3082 508 3151; x_wconf 79' lang='lat' dir='ltr'>esset,</span> <span class='ocrx_word' id='word_1_231' title='bbox 529 3091 573 3137; x_wconf 87' lang='lat' dir='ltr'>ne</span> <span class='ocrx_word' id='word_1_232' title='bbox 595 3067 658 3134; x_wconf 85' lang='lat' dir='ltr'>tria</span> <span class='ocrx_word' id='word_1_233' title='bbox 685 3065 843 3131; x_wconf 74' lang='lat' dir='ltr'>vocabula</span> <span class='ocrx_word' id='word_1_234' title='bbox 866 3068 1109 3148; x_wconf 79' lang='lat' dir='ltr'>coniungeren-</span> 
     </span>
     <span class='ocr_line' id='line_1_30' title="bbox 69 3147 1166 3245; baseline 0.002 -36"><span class='ocrx_word' id='word_1_235' title='bbox 69 3157 120 3222; x_wconf 87' lang='lat' dir='ltr'>tur.</span> <span class='ocrx_word' id='word_1_236' title='bbox 169 3157 304 3224; x_wconf 86' lang='lat' dir='ltr'>Tamen</span> <span class='ocrx_word' id='word_1_237' title='bbox 327 3153 414 3220; x_wconf 88' lang='lat' dir='ltr'>ratio</span> <span class='ocrx_word' id='word_1_238' title='bbox 440 3155 566 3222; x_wconf 81' lang='lat' dir='ltr'>obstet:</span> <span class='ocrx_word' id='word_1_239' title='bbox 591 3147 929 3236; x_wconf 85' lang='lat' dir='ltr'>nam-significatione</span> <span class='ocrx_word' id='word_1_240' title='bbox 952 3147 1109 3245; x_wconf 71' lang='lat' dir='ltr'>dilibrunt</span> <span class='ocrx_word' id='word_1_241' title='bbox 1160 3191 1166 3200; x_wconf 91' lang='lat'><em>·</em></span> 
     </span>
     <span class='ocr_line' id='line_1_31' title="bbox 70 3235 1108 3322; baseline -0.001 -25"><span class='ocrx_word' id='word_1_242' title='bbox 70 3235 304 3310; x_wconf 80' lang='lat' dir='ltr'>circumudrciti</span> <span class='ocrx_word' id='word_1_243' title='bbox 320 3253 351 3306; x_wconf 90' lang='lat' dir='ltr'>et</span> <span class='ocrx_word' id='word_1_244' title='bbox 369 3241 537 3307; x_wconf 84' lang='lat' dir='ltr'>neminem</span> <span class='ocrx_word' id='word_1_245' title='bbox 552 3240 703 3318; x_wconf 86' lang='lat' dir='ltr'>circum,</span> <span class='ocrx_word' id='word_1_246' title='bbox 725 3239 747 3302; x_wconf 91' lang='lat' dir='ltr'>i.</span> <span class='ocrx_word' id='word_1_247' title='bbox 765 3257 800 3322; x_wconf 54' lang='lat' dir='ltr'>e,</span> <span class='ocrx_word' id='word_1_248' title='bbox 815 3256 930 3300; x_wconf 88' lang='lat' dir='ltr'>eorum</span> <span class='ocrx_word' id='word_1_249' title='bbox 952 3254 1007 3320; x_wconf 87' lang='lat' dir='ltr'>qut</span> <span class='ocrx_word' id='word_1_250' title='bbox 1023 3235 1108 3298; x_wconf 87' lang='lat' dir='ltr'>circa</span> 
     </span>
     <span class='ocr_line' id='line_1_32' title="bbox 71 3317 1108 3413; baseline -0.003 -30"><span class='ocrx_word' id='word_1_251' title='bbox 71 3336 146 3406; x_wconf 84' lang='lat' dir='ltr'>suut,</span> <span class='ocrx_word' id='word_1_252' title='bbox 168 3329 301 3395; x_wconf 83' lang='lat' dir='ltr'>adniti.</span> <span class='ocrx_word' id='word_1_253' title='bbox 344 3327 409 3391; x_wconf 86' lang='lat' dir='ltr'>Sed</span> <span class='ocrx_word' id='word_1_254' title='bbox 431 3327 554 3412; x_wconf 88' lang='lat' dir='ltr'>antiqui</span> <span class='ocrx_word' id='word_1_255' title='bbox 570 3325 747 3413; x_wconf 84' lang='lat' dir='ltr'>scriptores</span> <span class='ocrx_word' id='word_1_256' title='bbox 767 3343 900 3408; x_wconf 88' lang='lat' dir='ltr'>semper</span> <span class='ocrx_word' id='word_1_257' title='bbox 924 3321 957 3384; x_wconf 88' lang='lat' dir='ltr'>in</span> <span class='ocrx_word' id='word_1_258' title='bbox 980 3317 1030 3382; x_wconf 85' lang='lat' dir='ltr'>his</span> <span class='ocrx_word' id='word_1_259' title='bbox 1048 3342 1108 3406; x_wconf 64' lang='grc' dir='ltr'>ιρ-1</span> 
     </span>
     <span class='ocr_line' id='line_1_33' title="bbox 72 3405 1106 3506; baseline -0.004 -32"><span class='ocrx_word' id='word_1_260' title='bbox 72 3425 243 3488; x_wconf 85' lang='lat' dir='ltr'>posuerunt</span> <span class='ocrx_word' id='word_1_261' title='bbox 268 3414 460 3478; x_wconf 87' lang='lat' dir='ltr'>adverbium</span> <span class='ocrx_word' id='word_1_262' title='bbox 510 3433 627 3492; x_wconf 90' lang='lat' dir='ltr'>urum,</span> <span class='ocrx_word' id='word_1_263' title='bbox 650 3413 747 3474; x_wconf 89' lang='lat' dir='ltr'>etiam</span> <span class='ocrx_word' id='word_1_264' title='bbox 769 3409 926 3495; x_wconf 87' lang='lat' dir='ltr'>proximo</span> <span class='ocrx_word' id='word_1_265' title='bbox 958 3405 1106 3506; x_wconf 79' lang='lat' dir='ltr'>averbis</span> 
     </span>
     <span class='ocr_line' id='line_1_34' title="bbox 73 3435 1106 3586; baseline 0 -31"><span class='ocrx_word' id='word_1_266' title='bbox 73 3489 142 3564; x_wconf 86' lang='lat' dir='ltr'>loco.</span> <span class='ocrx_word' id='word_1_267' title='bbox 183 3504 306 3570; x_wconf 79' lang='lat' dir='ltr'>Postea</span> <span class='ocrx_word' id='word_1_268' title='bbox 337 3519 441 3586; x_wconf 84' lang='lat' dir='ltr'>quum</span> <span class='ocrx_word' id='word_1_269' title='bbox 459 3435 631 3586; x_wconf 76' lang='lat' dir='ltr'>pienieres</span> <span class='ocrx_word' id='word_1_270' title='bbox 652 3495 783 3562; x_wconf 86' lang='lat' dir='ltr'>formae</span> <span class='ocrx_word' id='word_1_271' title='bbox 806 3493 992 3580; x_wconf 86' lang='lat' dir='ltr'>placerent,</span> <span class='ocrx_word' id='word_1_272' title='bbox 1016 3501 1106 3556; x_wconf 78' lang='lat' dir='ltr'>etin</span> 
     </span>
     <span class='ocr_line' id='line_1_35' title="bbox 72 3577 1105 3672; baseline -0.004 -28"><span class='ocrx_word' id='word_1_273' title='bbox 72 3577 287 3655; x_wconf 84' lang='lat' dir='ltr'>doctrinarum</span> <span class='ocrx_word' id='word_1_274' title='bbox 318 3587 526 3672; x_wconf 82' lang='lat' dir='ltr'>expositione</span> <span class='ocrx_word' id='word_1_275' title='bbox 556 3603 643 3647; x_wconf 77' lang='lat' dir='ltr'>noue</span> <span class='ocrx_word' id='word_1_276' title='bbox 674 3579 831 3646; x_wconf 82' lang='lat' dir='ltr'>vocabula</span> <span class='ocrx_word' id='word_1_277' title='bbox 846 3577 1105 3653; x_wconf 62' lang='lat' dir='ltr'>1edhiberentur,</span> 
     </span>
     <span class='ocr_line' id='line_1_36' title="bbox 71 3664 1106 3762; baseline -0.013 -25"><span class='ocrx_word' id='word_1_278' title='bbox 71 3673 302 3762; x_wconf 72' lang='lat' dir='ltr'>coniungetmt</span> <span class='ocrx_word' id='word_1_279' title='bbox 316 3671 470 3744; x_wconf 77' lang='lat' dir='ltr'>eduerbis</span> <span class='ocrx_word' id='word_1_280' title='bbox 489 3671 587 3736; x_wconf 83' lang='lat' dir='ltr'>etism</span> <span class='ocrx_word' id='word_1_281' title='bbox 610 3687 685 3732; x_wconf 92' lang='lat' dir='ltr'>cum</span> <span class='ocrx_word' id='word_1_282' title='bbox 709 3666 815 3733; x_wconf 88' lang='lat' dir='ltr'>verbis</span> <span class='ocrx_word' id='word_1_283' title='bbox 838 3664 1049 3754; x_wconf 89' lang='lat' dir='ltr'>compositis,</span> <span class='ocrx_word' id='word_1_284' title='bbox 1069 3673 1106 3724; x_wconf 87' lang='lat' dir='ltr'>ut</span> 
     </span>
     <span class='ocr_line' id='line_1_37' title="bbox 71 3751 1107 3850; baseline -0.011 -30"><span class='ocrx_word' id='word_1_285' title='bbox 71 3771 169 3825; x_wconf 84' lang='lat' dir='ltr'>omnes</span> <span class='ocrx_word' id='word_1_286' title='bbox 183 3768 299 3850; x_wconf 73' lang='lat' dir='ltr'>pentes</span> <span class='ocrx_word' id='word_1_287' title='bbox 324 3771 393 3826; x_wconf 83' lang='lat' dir='ltr'>uuo</span> <span class='ocrx_word' id='word_1_288' title='bbox 411 3765 547 3822; x_wconf 86' lang='lat' dir='ltr'>accentu</span> <span class='ocrx_word' id='word_1_289' title='bbox 568 3751 903 3839; x_wconf 87' lang='lat' dir='ltr'>comprehenderent,</span> <span class='ocrx_word' id='word_1_290' title='bbox 925 3751 1026 3835; x_wconf 88' lang='lat' dir='ltr'>idque</span> <span class='ocrx_word' id='word_1_291' title='bbox 1051 3758 1107 3810; x_wconf 88' lang='lat' dir='ltr'>aut</span> 
     </span>
     <span class='ocr_line' id='line_1_38' title="bbox 71 3836 1106 3930; baseline -0.018 -17"><span class='ocrx_word' id='word_1_292' title='bbox 71 3845 216 3922; x_wconf 71' lang='lat' dir='ltr'>contnuo</span> <span class='ocrx_word' id='word_1_293' title='bbox 235 3843 398 3930; x_wconf 83' lang='lat' dir='ltr'>scriptura</span> <span class='ocrx_word' id='word_1_294' title='bbox 414 3839 663 3930; x_wconf 78' lang='lat' dir='ltr'>exprimebant,</span> <span class='ocrx_word' id='word_1_295' title='bbox 686 3847 742 3902; x_wconf 86' lang='lat' dir='ltr'>sut</span> <span class='ocrx_word' id='word_1_296' title='bbox 755 3836 893 3924; x_wconf 86' lang='lat' dir='ltr'>hyphen</span> <span class='ocrx_word' id='word_1_297' title='bbox 912 3837 1106 3921; x_wconf 84' lang='lat' dir='ltr'>interpone-</span> 
     </span>
     <span class='ocr_line' id='line_1_39' title="bbox 71 3918 1105 4011; baseline -0.015 -17"><span class='ocrx_word' id='word_1_298' title='bbox 71 3919 144 3996; x_wconf 78' lang='lat' dir='ltr'>bant.</span> <span class='ocrx_word' id='word_1_299' title='bbox 187 3931 265 3997; x_wconf 83' lang='lat' dir='ltr'>Vno</span> <span class='ocrx_word' id='word_1_300' title='bbox 288 3940 400 3996; x_wconf 88' lang='lat' dir='ltr'>temen</span> <span class='ocrx_word' id='word_1_301' title='bbox 431 3937 501 3998; x_wconf 85' lang='lat' dir='ltr'>erat</span> <span class='ocrx_word' id='word_1_302' title='bbox 531 3924 684 4011; x_wconf 78' lang='lat' dir='ltr'>exceptio</span> <span class='ocrx_word' id='word_1_303' title='bbox 704 3920 867 3988; x_wconf 76' lang='lat' dir='ltr'>&#39;omnibus</span> <span class='ocrx_word' id='word_1_304' title='bbox 897 3918 1105 4007; x_wconf 89' lang='lat' dir='ltr'>temporibus</span> 
     </span>
     <span class='ocr_line' id='line_1_40' title="bbox 71 4001 1105 4099; baseline -0.014 -19"><span class='ocrx_word' id='word_1_305' title='bbox 71 4017 264 4082; x_wconf 64' lang='lat' dir='ltr'>communis·</span> <span class='ocrx_word' id='word_1_306' title='bbox 299 4015 364 4082; x_wconf 89' lang='lat' dir='ltr'>Vbi</span> <span class='ocrx_word' id='word_1_307' title='bbox 384 4016 473 4080; x_wconf 89' lang='lat' dir='ltr'>enim</span> <span class='ocrx_word' id='word_1_308' title='bbox 488 4033 590 4099; x_wconf 79' lang='lat' dir='ltr'>cuper</span> <span class='ocrx_word' id='word_1_309' title='bbox 607 4021 639 4074; x_wconf 89' lang='lat' dir='ltr'>ct</span> <span class='ocrx_word' id='word_1_310' title='bbox 657 4011 784 4074; x_wconf 87' lang='lat' dir='ltr'>circum</span> <span class='ocrx_word' id='word_1_311' title='bbox 798 4009 916 4072; x_wconf 86' lang='lat' dir='ltr'>maiori</span> <span class='ocrx_word' id='word_1_312' title='bbox 940 4001 1105 4092; x_wconf 84' lang='lat' dir='ltr'>signifiea-</span> 
     </span>
     <span class='ocr_line' id='line_1_41' title="bbox 72 4089 1105 4194; baseline -0.014 -27"><span class='ocrx_word' id='word_1_313' title='bbox 72 4094 151 4168; x_wconf 76' lang='lat' dir='ltr'>lione</span> <span class='ocrx_word' id='word_1_314' title='bbox 167 4123 235 4194; x_wconf 90' lang='lat' dir='ltr'>pro</span> <span class='ocrx_word' id='word_1_315' title='bbox 259 4105 417 4192; x_wconf 79' lang='lat' dir='ltr'>insuper,</span> <span class='ocrx_word' id='word_1_316' title='bbox 437 4096 659 4164; x_wconf 83' lang='lat' dir='ltr'>circumcirca</span> <span class='ocrx_word' id='word_1_317' title='bbox 684 4093 893 4184; x_wconf 80' lang='lat' dir='ltr'>ponebantur</span> <span class='ocrx_word' id='word_1_318' title='bbox 934 4095 1030 4156; x_wconf 85' lang='lat' dir='ltr'>etiam</span> <span class='ocrx_word' id='word_1_319' title='bbox 1054 4089 1105 4154; x_wconf 93' lang='lat' dir='ltr'>di-</span> 
     </span>
     <span class='ocr_line' id='line_1_42' title="bbox 72 4141 1105 4280; baseline -0.013 -29"><span class='ocrx_word' id='word_1_320' title='bbox 72 4184 235 4255; x_wconf 72' lang='lat' dir='ltr'>nimione</span> <span class='ocrx_word' id='word_1_321' title='bbox 256 4188 444 4280; x_wconf 83' lang='lat' dir='ltr'>etproprio</span> <span class='ocrx_word' id='word_1_322' title='bbox 465 4193 603 4252; x_wconf 81' lang='lat' dir='ltr'>accentu</span> <span class='ocrx_word' id='word_1_323' title='bbox 615 4179 850 4247; x_wconf 79' lang='lat' dir='ltr'>efferebanttm</span> <span class='ocrx_word' id='word_1_324' title='bbox 892 4141 1005 4258; x_wconf 56' lang='lat' dir='ltr'>Quare</span> <span class='ocrx_word' id='word_1_325' title='bbox 1023 4175 1105 4239; x_wconf 81' lang='lat' dir='ltr'>Ceto</span> 
     </span>
    </p>
   </div>
   <div class='ocr_carea' id='block_1_6' title="bbox 73 4259 1105 4365">
    <p class='ocr_par' dir='ltr' id='par_1_6' title="bbox 73 4259 1105 4365">
     <span class='ocr_line' id='line_1_43' title="bbox 73 4259 1105 4365; baseline -0.017 -23"><span class='ocrx_word' id='word_1_326' title='bbox 73 4264 102 4336; x_wconf 76' lang='lat' dir='ltr'>ds</span> <span class='ocrx_word' id='word_1_327' title='bbox 122 4275 171 4344; x_wconf 76' lang='lat' dir='ltr'>ue</span> <span class='ocrx_word' id='word_1_328' title='bbox 195 4299 230 4344; x_wconf 83' lang='lat' dir='ltr'>r.</span> <span class='ocrx_word' id='word_1_329' title='bbox 252 4268 609 4365; x_wconf 59' lang='lat' dir='ltr'>tecmripsttjurcas</span> <span class='ocrx_word' id='word_1_330' title='bbox 639 4267 776 4337; x_wconf 87' lang='lat' dir='ltr'>circum&#39;</span> <span class='ocrx_word' id='word_1_331' title='bbox 796 4259 952 4354; x_wconf 70' lang='lat' dir='ltr'>offigito,</span> <span class='ocrx_word' id='word_1_332' title='bbox 983 4261 1105 4326; x_wconf 84' lang='lat' dir='ltr'>Plinius</span> 
     </span>
    </p>
   </div>
   <div class='ocr_carea' id='block_1_7' title="bbox 0 0 1406 4744">
    <p class='ocr_par' dir='ltr' id='par_1_7' title="bbox 0 0 1406 4744">
     <span class='ocr_line' id='line_1_44' title="bbox 0 0 1406 4744; baseline 0 0"><span class='ocrx_word' id='word_1_333' title='bbox 0 0 1406 4744; x_wconf 95' lang='lat' dir='ltr'> </span> 
     </span>
    </p>
   </div>
  </div>
 </body>
</html>
