2782 4730
559 383 633 450 Ex.
1057 385 1120 448 629

151 543 238 596 diecto
251 557 285 594 ex
299 538 403 605 cuuto,
425 544 517 608 petrea
529 535 684 606 comeriptl,
713 535 782 608 quod
798 536 888 590 centio.
922 535 1034 592 Terent.
1048 538 1117 592 uun.

149 627 175 692 1,
189 627 215 690 2,
226 623 268 678 95.
287 627 390 678 utinum
403 625 470 678 ictuc
481 623 588 676 certum
604 639 639 674 ex
653 621 741 682 cnitno
757 639 789 674 ce
803 638 861 676 cero
878 621 987 693 diceret„
1017 622 1116 675 ectutt.

148 711 209 775 ltttt,
222 709 247 762 4.
273 719 350 778 atque
366 710 395 761 id
411 709 510 760 elucere
527 707 599 758 dicct
613 714 639 761 et
660 723 693 758 ex
716 707 812 758 anicio.
849 705 905 758 Cic.
928 706 962 760 ad
977 705 1010 772 Q.
1025 707 1117 762 Frate.

147 796 173 860 1,
180 796 206 861 1,
212 791 236 848 5.
253 796 419 863 quamobrem
428 793 477 861 iqui
487 798 562 862 poter
575 791 689 862 reperire
704 808 737 842 eu
751 808 780 862 eo
796 807 892 860 genere
906 791 1055 854 lominum,
1072 791 1117 858 qui

147 905 181 918 -
197 887 223 932 te
243 886 330 931 cutem
351 877 465 930 alienum
485 876 614 928 hominem
628 881 717 930 ament
731 892 763 926 ex
779 875 867 926 animo
882 893 914 926 oo
927 893 980 947 non
994 875 1035 926 eui
1048 892 1117 926 eom-

147 965 219 1016 modi
232 971 325 1015 cauata
337 961 480 1014 simulent?
496 961 529 1012 de
545 959 733 1036 Nouatum,
747 958 806 1011 168.
825 960 878 1011 aive
891 977 924 1010 ex
933 960 1022 1011 auimo
1031 959 1059 1010 id
1067 960 1115 1025 fit,

145 1049 199 1101 tice
212 1048 342 1099 simulate.
377 1045 487 1100 Terent.
495 1045 545 1098 Ad.
555 1044 612 1113 l,l,
626 1043 668 1096 li.
687 1045 739 1108 itte,
752 1061 824 1112 quem
834 1044 956 1109 beneficio
969 1045 1115 1112 adiungat,

55 1125 61 1138 '
147 1151 181 1186 ex
195 1131 373 1195 animosucit.
403 1129 486 1183 Andr.
502 1128 527 1194 4,
545 1127 570 1193 4,
585 1125 629 1186 55.Ι
648 1129 697 1180 ulti
711 1127 854 1196 opponitur
868 1129 899 1180 de
914 1129 1046 1180 industrio
1059 1126 1078 1178 i.
1089 1143 1113 1180 a.

148 1232 210 1269 oum
232 1213 345 1266 coneilio
366 1219 394 1266 et
416 1220 483 1268 arte.
525 1213 600 1267 Mala
624 1211 754 1280 explicuit
770 1211 911 1266 Bentleiue
926 1211 976 1265 Ad.
990 1209 1015 1275 5,
1031 1209 1057 1276 l,
1071 1210 1113 1263 21.

146 1299 256 1354 haeret.
277 1295 376 1362 «2927.
1000 1333 1003 1339 .

181 1383 237 1436 Cic.
257 1381 291 1433 ad
304 1382 381 1433 Fam.
394 1380 436 1448 12,
445 1380 488 1435 27.
508 1382 580 1435 cuiue
594 1383 643 1435 titi
656 1383 786 1452 negotiu„
803 1395 870 1450 quae
889 1383 951 1431 eunt
966 1377 995 1429 in
1009 1377 1113 1442 Africa,

144 1467 186 1519 itc
202 1467 365 1530 commendo,
386 1473 417 1518 ut
438 1467 537 1521 maiore
550 1467 637 1520 etudio
652 1467 771 1536 magicae
785 1482 818 1516 ex
835 1463 922 1517 animo
936 1463 1115 1515 commendare

146 1551 317 1619 nonpossint.
351 1552 472 1605 leonatus
489 1551 523 1603 ad
536 1552 648 1605 Terent.
664 1551 713 1603 Ad.
732 1548 757 1615 5,
773 1549 799 1615 i,
814 1547 856 1601 21.
884 1565 917 1599 ex
932 1547 1020 1599 animo
1034 1545 1114 1597 alicui

101 1677 110 1690 .
140 1639 234 1703 fucere
248 1642 287 1687 ert
301 1635 329 1686 id
339 1637 446 1700 fucere,
468 1635 593 1703 quoditie
608 1635 697 1692 animo
711 1651 763 1686 cuo.
773 1629 850 1698 uelit,
866 1639 913 1684 cut
928 1639 995 1684 certe
1009 1644 1042 1694 ex
1056 1636 1114 1682 totu

142 1726 227 1772 mente
246 1723 400 1786 prcettcre,
437 1735 490 1771 non
512 1720 699 1788 perfunctorie.
730 1715 766 1770 el.
791 1715 927 1771 Pricaeus
947 1715 982 1770 ad
1005 1711 1112 1782 Apulei.

141 1803 208 1856 Met.
226 1821 252 1870 p.
267 1800 326 1854 521.

179 1887 236 1940 (lic.
253 1885 287 1938 ad
302 1887 380 1940 Fam.
389 1884 432 1950 12,
447 1883 489 1950 12,
502 1883 529 1941 c.
545 1886 606 1942 huic
620 1895 651 1939 tu
665 1887 860 1942 ltlromcnime
874 1887 951 1940 cetina
965 1873 999 1942 dx.
1014 1883 1112 1949 ocimo,

142 1971 165 2024 ei
180 1971 281 2033 minua,
304 1971 413 2039 gratioe
427 1987 521 2022 euuaac
535 1972 692 2040 suffragere.

177 2071 268 2124 Plaut.
278 2071 355 2124 Tria.
370 2071 397 2136 2,
410 2070 436 2136 ὃ,
450 2070 476 2124 4.
494 2073 541 2140 qui,
553 2073 622 2124 nilril
636 2074 712 2126 uliud
720 2112 733 2138 „
745 2074 799 2126 niti
807 2073 876 2141 quod
892 2072 943 2125 aidi
955 2071 1005 2126 toli
1016 2071 1112 2139 picen,

144 2156 255 2209 coruulit
276 2157 416 2208 adcurrunt
431 2156 537 2221 filium,
574 2171 664 2224 nugae
687 2157 766 2227 agite,
805 2157 883 2214 muer
907 2173 940 2210 ex
962 2155 1050 2208 cuim
1065 2155 1111 2222 fit.

142 2241 162 2295 i.
181 2255 205 2294 e.
224 2257 299 2296 vcra..

156 2345 210 2406 28.
238 2341 295 2404 Ex
305 2359 457 2425 perrona
478 2338 610 2416 dicitur,
631 2329 723 2428 quod
745 2328 820 2404 alias
838 2350 887 2404 est
907 2341 945 2404 in
964 2361 1112 2425 perrona

75 2437 108 2492 et
122 2426 181 2490 arrd
193 2448 356 2512 persona.
399 2424 455 2489 Ex
476 2445 540 2489 auu
562 2449 710 2514 perrona
733 2423 1108 2512 significatvelauouo-
1215 2437 1220 2450 ⁴

73 2512 165 2577 mine
188 2511 239 2590 vel
258 2511 334 2578 siti.

175 2628 272 2683 Vellei.
287 2631 349 2682 Pet.
364 2629 389 2695 1,
404 2629 430 2695 ὃ,
447 2629 473 2683 2.
499 2629 570 2682 niltil
583 2631 652 2683 euim
668 2649 702 2683 ex
713 2647 827 2698 persono
839 2637 947 2700 poetae,
962 2629 1007 2680 aed
1023 2625 1112 2679 omniu

140 2715 187 2766 aui
202 2731 298 2779 eorum,
319 2715 364 2782 qui
378 2716 424 2766 illo
437 2719 550 2783 tempore
564 2715 695 2780 vixerunt,
719 2717 851 2768 dixerunt.
884 2714 910 2766 3.
927 2730 990 2765 ncne
1004 2728 1037 2763 ex
1048 2728 1111 2780 pcr-

143 2815 209 2850 sonn
222 2806 314 2867 poetae
330 2806 354 2851 et
369 2800 437 2851 tunc
452 2801 542 2851 urtern
559 2806 584 2852 et
604 2801 732 2868 quaedum
747 2801 839 2850 Ionum
853 2799 967 2850 colonica
981 2797 1013 2848 iis
1026 2796 1111 2846 nomi·

142 2883 218 2934 nitua
239 2884 371 2950 appellnt,
394 2885 485 2952 uritur
504 2886 665 2939 occulantur
680 2891 766 2936 cuuto
780 2865 843 2956 eine.
877 2881 971 2936 lustin.
986 2879 1012 2946 8,
1027 2879 1053 2944 i,
1068 2877 1111 2945 14,

141 2983 205 3021 nunt
225 2967 362 3033 induciae,
386 2985 452 3036 quoa
470 2970 581 3038 proprio
601 2970 707 3022 nomine.
723 2969 912 3032 condixerant,
936 2965 1112 3019 enecatorum

136 3066 251 3119 persono
264 3051 427 3117 rumpebant.

179 3149 520 3234 cic.tc1nv.1‚·52,!ttt.
543 3169 607 3206 nom
626 3157 683 3205 tum
704 3169 738 3204 eac
763 3159 813 3210 tuc,
828 3168 943 3222 perrona
960 3161 1118 3240 enumerare!

142 3237 241 3306 portis,
258 3241 303 3300 ut,
325 3235 388 3303 quid
407 3241 433 3287 et
446 3253 496 3304 qno
511 3237 625 3306 quidque
637 3237 691 3290 ioco
709 3237 823 3302 dixerim
839 3238 990 3288 cdrconeue.

158 3343 211 3402 29.
237 3337 300 3401 Sed
311 3338 520 3421 quaeramus,
538 3337 655 3420 quibus
669 3338 792 3403 finibus
805 3337 859 3403 hic
875 3357 952 3401 usus
963 3354 1111 3400 coereea-

74 3435 139 3488 tur.
191 3423 276 3487 Nam
301 3422 505 3508 grammatici
531 3421 666 3504 docent,
711 3447 751 3488 eu
780 3424 894 3512 aliquo
929 3421 1000 3485 loco
1030 3422 1112 3485 cim·

72 3508 203 3594 pliciter
233 3509 297 3574 dici
329 3530 391 3594 pro
423 3507 461 3571 in
492 3507 605 3594 uliqrro
629 3507 714 3576 loco.
764 3509 863 3589 Quod
887 3508 1026 3574 nimium
1057 3515 1122 3569 aut.

75 3593 198 3658 falsum
226 3605 284 3658 est.
327 3594 413 3657 Nam
438 3604 585 3658 oratores
618 3615 687 3657 non
723 3596 767 3659 ita
805 3595 1006 3680 loquuntur,
1036 3589 1111 3671 nisi,

75 3687 115 3742 ut
144 3677 206 3740 iam
236 3679 475 3758 demonstravi,
516 3679 600 3743 actio
633 3678 825 3766 intelligitur
855 3679 1002 3742 alicunde
1031 3698 1110 3766 pro-

74 3763 188 3844 diens,
211 3784 252 3825 ex
274 3764 382 3848 aliquo
402 3765 479 3828 loco
503 3765 539 3830 in
563 3763 663 3828 alium
685 3764 799 3828 locum
820 3786 987 3828 conversa.
1032 3764 1109 3842 Quo

75 3847 176 3912 etiam
198 3868 252 3927 ea,
290 3871 370 3934 quae
403 3850 644 3938 supraposui,
687 3848 810 3912 erudire
833 3872 872 3913 ex
898 3847 1010 3936 utiquo
1039 3849 1111 3911 loeo

74 3932 254 4020 pertinent.
295 3933 410 3997 Poetae
434 3947 541 3999 autem
558 3935 623 3999 hoc
646 3936 747 3999 modo
767 3933 932 3999 interdum
956 3935 1112 3998 etiamen

74 4018 244 4096 temnant,
273 4038 354 4104 quae
378 4020 412 4082 in
436 4020 509 4106 ipso
535 4043 595 4085 suo
620 4021 695 4086 loeo
722 4023 873 4108 aguntur.
917 4017 953 4084 Si
975 4040 1052 4082 vero
1077 4017 1113 4079 in

76 4102 272 4189 quibusdam
294 4102 490 4170 dictionibus
510 4127 551 4170 eu
574 4127 636 4192 pro
662 4108 700 4171 in
720 4105 806 4194 apud
831 4104 918 4170 alios'
938 4105 1113 4189 scriptores

75 4190 259 4276 reperitur,
293 4198 461 4259 eontracta·
483 4201 533 4264 est
555 4193 660 4258 oratio
691 4203 724 4258 et
754 4189 1022 4276 breviloquentia.
1055 4187 1121 4252 -Da
