2782 4730
540 311 541 318 Ν
590 359 662 426 ux.
1084 369 1147 432 oss

175 524 247 584 ⁴33.
268 517 311 584 Et
325 537 380 598 en,
405 535 487 604 quac
503 536 574 580 rem
590 512 641 580 vel
657 522 783 598 partem
808 515 1001 594 nominant,
1026 517 1060 580 in
1083 541 1147 604 qun

112 603 163 667 vel
181 605 387 682 laboramus,
417 602 466 666 vel
490 601 525 664 in
548 621 612 684 qun
633 599 749 662 vitium
773 609 805 664 et
827 600 1009 687 corruptela
1029 615 1145 667 exstet.

76 751 77 756 ,
111 691 189 770 Quo
213 689 317 752 modo
343 689 441 751 etium
465 683 509 749 ab
535 695 722 772 usurpatur.

214 809 349 861 nutriere
362 824 376 858 c
390 806 510 869 renibus,
529 822 559 857 cr
568 805 695 873 pedibus,
713 821 744 855 ec
754 803 840 871 capite
856 801 913 854 cto.
931 803 1012 856 Ture.
1019 805 1045 870 2,
1054 805 1096 873 25,
1104 808 1147 864 60,

179 894 297 947 atlFum.
307 892 332 957 9,
347 889 389 955 26,
405 889 430 942 l.
447 888 473 952 1,
487 886 568 950 26,1.
590 903 660 954 quae
675 885 804 938 differunt
818 887 852 938 ab
866 885 927 938 aliis
941 903 1062 940 caussam
1077 891 1148 944 indi-

176 979 314 1030 cantibus:
338 974 394 1027 cto.
410 992 435 1041 p.
452 974 558 1025 cluent.
573 971 615 1036 71,
631 970 691 1023 262.
719 971 786 1022 ratis
798 971 892 1021 multos
907 987 988 1021 aanor
1002 988 1032 1022 er
1046 974 1147 1027 invidia

177 1061 319 1115 laborauit.
345 1058 378 1108 de
394 1057 451 1108 luv.
466 1056 492 1121 2,
506 1056 532 1121 2,
547 1055 572 1110 5.
595 1056 733 1122 aliquanto
749 1054 829 1104 leuius
846 1070 877 1104 ea
889 1053 1028 1106 inscientia
1042 1056 1148 1109 labora-

133 1207 135 1212 ,
177 1152 245 1199 reat.
278 1143 313 1196 ad
334 1144 411 1196 Fam.
434 1139 476 1206 16,
495 1140 538 1209 11,
561 1140 586 1194 2.
614 1157 667 1192 uon
687 1138 798 1206 ignoro,
820 1148 945 1204 quantum
967 1155 998 1190 ea
1020 1140 1147 1193 desiderio

177 1229 287 1280 labores.

207 1329 272 1381 Huc
293 1327 415 1380 tulerunt
435 1327 576 1381 Ernestius
596 1332 624 1379 et
645 1323 785 1393 Zumptius
808 1321 866 1375 cto.
889 1323 965 1375 Vorr.
987 1323 1013 1388 2,
1027 1322 1070 1388 12,
1085 1323 1144 1382 lut.
1255 1361 1264 1379 κ.

177 1415 223 1481 qui
247 1415 385 1479 defendere
408 1413 462 1464 rion
483 1412 612 1482 potuerit,
643 1427 670 1463 sc
690 1427 743 1462 non
764 1409 896 1478 exipsius
917 1409 1020 1462 sturnis·
1042 1411 1146 1464 nomine

177 1498 279 1549 litteras
291 1498 412 1566 publicus
424 1498 575 1566 corrupisse.

190 1598 243 1661 34.
274 1598 374 1678 Quod
398 1620 471 1662 cum
498 1598 662 1682 aliquare
691 1594 907 1659 commixtum
933 1593 1073 1658 sumitur
1095 1597 1145 1660 vel

109 1679 204 1746 detur
218 1705 283 1746 uua
300 1706 376 1748 cum
390 1683 452 1748 huc
469 1705 524 1763 re,
547 1683 659 1745 dicunt
688 1681 795 1744 Latini
834 1679 1034 1743 Graecorum
1051 1701 1145 1746 more

107 1790 150 1830 ex
165 1792 206 1832 ca
222 1791 259 1833 re
274 1769 356 1834 clari
373 1769 422 1833 vel
438 1769 537 1838 sirmi.
586 1765 622 1830 ld
639 1765 812 1852 proprium
832 1774 900 1830 erut
914 1763 1067 1844 medicis,
1088 1769 1145 1852 qui

109 1852 301 1918 dicebantur
324 1865 466 1940 uegrpto
489 1851 622 1938 aliquid
646 1849 731 1914 darc
759 1874 799 1914 ex
821 1862 936 1928 aceto,
970 1873 1010 1914 ex
1034 1852 1144 1928 melle,

57 1959 60 1967 ·
109 1961 149 2002 ex
173 1961 274 2024 aprio.
320 1939 392 2001 Vid.
411 1940 533 2000 Victor.
549 1937 624 1998 Vur.
640 1937 729 2022 Lect.
747 1941 800 2015 32,
815 1938 846 1997 4.
878 1936 1014 1998 Salmas.
1039 1935 1145 2000 Exer-

111 2023 165 2085 cit.
183 2023 266 2096 Ptin.
284 2022 359 2085 505.
389 2021 511 2084 Rhodii
534 2021 611 2084 Lex.
630 2019 781 2081 Scribon.
809 2041 843 2104 p.
862 2025 935 2083 380.
969 2022 1081 2106 Atque
1101 2023 1145 2088 itu

111 2107 150 2170 de
167 2105 345 2190 coquendis
353 2105 454 2169 rebus
468 2103 661 2190 compositis
678 2103 906 2190 usurpabatur.
936 2105 1020 2168 Alius
1037 2129 1121 2171 crim.

106 2285 110 2296 .
211 2227 323 2278 Homer.
349 2225 399 2278 01.
420 2224 463 2289 19,
485 2223 543 2278 536.
573 2215 653 2291 χῆνές
673 2241 722 2290 μοι
744 2218 816 2276 noval
836 2219 915 2279 οἷκον
933 2222 1034 2278 ἐείκοσι
1054 2223 1145 2296 πυρόν

176 2305 287 2364 ἔδουσιν
311 2304 339 2374 ἐξ
360 2302 474 2370 ὕδατος.
509 2309 545 2361 ei.
573 2307 709 2358 Vechneri
724 2307 862 2361 Hellenol.
883 2328 909 2377 p.
924 2308 982 2362 434.
1011 2312 1096 2364 Varro
1111 2314 1145 2366 de

173 2396 217 2447 Re
225 2412 248 2447 r.
256 2394 282 2460 3,
291 2394 332 2460 16,
339 2393 363 2446 6.
385 2394 470 2462 pullis*
479 2393 593 2462 primurn
608 2393 685 2443 biduo
692 2393 801 2460 polenta
815 2400 861 2444 aut
876 2394 981 2445 ordeum
991 2398 1142 2464 apponitur,

145 2511 147 2516 ,
175 2480 260 2533 tribus
279 2479 407 2548 proximis
426 2478 588 2528 nasturtium
607 2476 690 2528 viride
707 2484 849 2528 consectum
862 2479 1012 2531 minutatim
1029 2495 1059 2531 ca
1074 2499 1144 2548 apua

176 2563 206 2614 in
219 2580 267 2614 uus
281 2563 395 2632 aliquod.
429 2559 501 2612 Ptin.
516 2561 587 2612 llist.
601 2577 627 2612 n.
642 2558 685 2623 29,
695 2557 722 2626 6,
729 2557 771 2612 36.
783 2563 874 2626 fracto
889 2563 970 2632 cupiti
983 2566 1077 2616 aranei
1091 2568 1144 2618 tela

176 2663 207 2700 ec
222 2649 276 2699 olco
291 2654 316 2698 et
330 2653 401 2699 uccto
416 2645 547 2715 imposita.

210 2751 301 2803 Plaut.
320 2750 406 2802 Merc.
427 2749 453 2815 1,
473 2749 499 2813 2,
515 2747 557 2804 28.
583 2747 696 2800 resinam
721 2765 752 2800 ea
772 2748 847 2799 melle
865 2749 1020 2816 aegyptiam
1043 2759 1143 2804 corato.

176 2833 287 2886 Terent.
301 2835 370 2886 Eun.
392 2831 418 2898 5,
433 2831 460 2897 4,
475 2831 516 2885 lt.
539 2851 588 2902 pao
603 2840 682 2900 puoto
698 2851 728 2884 en
741 2833 797 2885 iure
813 2833 931 2884 besterna
943 2852 1039 2902 panem
1054 2843 1143 2888 atrum

175 2925 274 2971 vorent.
308 2917 380 2973 Pliu.
395 2917 438 2984 26,
453 2916 479 2983 6,
492 2916 535 2970 26.
555 2918 628 2984 solia
645 2917 779 2985 thyrsique
795 2917 855 2970 triti
871 2934 902 2969 ea
923 2925 995 2970 aceto
1011 2919 1142 2974 bibuntur.

57 3063 59 3069 .
173 3001 217 3066 26,
230 3001 273 3068 22,
289 3001 332 3054 96.

210 3103 281 3156 Ptin.
296 3105 333 3156 H.
348 3108 403 3157 nst.
418 3103 462 3169 22,
477 3101 521 3168 26,
534 3101 577 3156 67.
599 3103 698 3166 surina
718 3103 802 3156 tritici
817 3121 848 3156 ec
864 3111 935 3160 anto
949 3110 1029 3156 cocto.
1061 3105 1143 3157 (lola-

175 3189 249 3240 mell.
267 3187 310 3252 12,
325 3186 368 3252 48,
377 3187 401 3239 1.
421 3205 451 3240 cr
465 3195 538 3240 aceto
550 3187 649 3243 modice
661 3188 690 3238 in
705 3189 800 3239 cacabo
815 3205 895 3240 aeaco
910 3188 1017 3256 coquito.
1036 3187 1106 3243 Cels.
1116 3189 1142 3254 ὃ,

174 3273 217 3326 19.
235 3292 262 3342 p.
280 3271 339 3326 157.
357 3272 452 3324 intrita
466 3289 496 3324 ec
511 3273 566 3326 loc.
586 3272 612 3335 1,
627 3269 653 3323 6.
669 3289 719 3324 aaa
733 3289 763 3323 ea
778 3274 833 3324 olco
848 3272 921 3324 trita.
940 3271 965 3335 2,
980 3271 1021 3334 28.
1039 3291 1066 3340 p.
1081 3272 1140 3327 332.

173 3359 264 3412 cadem
284 3375 315 3410 es
336 3357 398 3409 uino
418 3355 545 3423 liquanda
560 3364 627 3408 sunt.
663 3355 786 3413 Scribon.
801 3354 827 3408 4.
849 3357 913 3407 baec
928 3363 1011 3408 terere
1026 3374 1056 3408 er
1070 3366 1142 3410 aceto

171 3453 197 3501 cl
210 3461 272 3498 rora
284 3441 383 3495 uicibus
399 3441 504 3494 adiectu
522 3446 631 3508 oportet.

211 3547 282 3599 Cels.
297 3545 323 3612 1,
338 3542 363 3596 ὅ.
388 3543 449 3595 uino
469 3559 500 3594 cr
520 3556 590 3610 apua
610 3541 744 3610 pluviatili
762 3544 850 3595 misto.
884 3541 941 3594 Atii
956 3549 980 3596 et
998 3560 1076 3614 apua.
1099 3546 1140 3599 cf.

174 3631 334 3700 uitliginis
350 3629 384 3683 ad
401 3628 472 3682 (leis.
488 3624 514 3691 5,
528 3626 571 3692 28,
586 3627 627 3678 ll.
645 3645 672 3694 p.
686 3625 746 3678 264.

193 3734 246 3796 85.
270 3732 406 3798 Colores
430 3739 462 3796 et
484 3752 619 3816 sapores
635 3730 715 3794 varii
736 3741 768 3794 et
781 3731 975 3818 compositi,
1000 3751 1141 3820 quorum

111 3815 193 3965 ullter
225 3817 258 3881 in
289 3819 428 3884 alterum
459 3817 577 3880 transit
606 3828 639 3880 et
668 3826 791 3897 mutat,
832 3818 982 3880 dicuntur
1006 3838 1075 3880 essc
1100 3838 1142 3881 ex

107 3923 231 3988 atquo.

212 4020 284 4074 Ptin.
302 4022 374 4076 Risi.
394 4021 421 4077 ιι.
437 4022 479 4087 16,
494 4021 537 4088 tu,
554 4021 596 4075 69.
621 4023 663 4075 bic
676 4025 770 4089 frutex
792 4027 830 4075 est
851 4035 985 4086 ramosus,
1017 4021 1143 4074 crassiore

178 4124 210 4158 ac
227 4106 343 4158 molliore
364 4125 441 4177 paam
461 4110 554 4161 laurus
568 4109 653 4174 folio,
668 4136 703 4148 —
720 4108 803 4160 baccis
818 4125 832 4159 e
846 4107 926 4176 nigro
947 4107 1021 4172 rufis.
1037 4105 1080 4168 21,
1096 4105 1144 4170 21,

175 4189 219 4246 96.
250 4192 432 4246 hemerocalles
459 4193 591 4264 pallidum
617 4207 631 4245 e
656 4193 738 4248 oirirli
768 4199 794 4248 et
825 4193 901 4246 molle
929 4190 1027 4257 folium
1052 4191 1141 4248 balet.
1201 4207 1204 4216 ¹
1282 4247 1291 4252 ,
