2814 4734
569 379 674 456 aut.
1087 381 1150 448 169

292 483 307 512 ..ι

101 549 209 621 retur,
222 535 417 605 obscoenius
431 535 830 614 concurrerentiitterae,
855 542 895 599 ot
915 531 1023 600 etiarn
1035 533 1150 614 nudo,
1187 599 1193 612 ,

101 625 169 690 nisi
188 635 333 690 eutem
347 626 644 712 interpositionem,
667 623 927 689 concurrissent.
968 619 1027 706 Er
1041 643 1081 686 eo
1097 633 1148 688 est

101 729 260 787 mecum
274 722 313 776 et
335 722 495 794 tecum,
523 735 593 780 non
623 731 714 776 cum
740 731 802 774 me
831 718 979 774 etcum
1009 717 1074 791 te,
1111 719 1149 772 ut

101 807 185 862 esset
212 796 324 862 simile
346 796 418 862 illis
440 793 673 861 nobiscum
700 806 800 884 atque
822 789 1055 859 vobiscum.
1096 791 1151 858 Ex

99 880 151 947 his
170 881 386 970 intelligitur,
407 881 600 968 ambiguum
621 899 740 958 usum,
764 899 830 964 quo
855 887 888 942 et
904 897 982 940 cum
1003 888 1051 950 te,
1073 899 1151 944 cum

98 965 194 1032 nodis
209 979 242 1034 et
256 980 387 1043 tecum,
410 963 587 1029 nobiscum
603 962 790 1042 dicebatur,
814 985 833 1026 a
850 961 1069 1050 grammaticis
1083 963 1150 1030 iam

99 1052 182 1120 olim
208 1053 248 1118 ad
267 1058 482 1139 praeceptum
505 1047 607 1130 illud,
629 1070 697 1137 quo
721 1048 847 1114 rariora
870 1046 964 1116 vitari
989 1045 1150 1132 iuberent,

96 1148 292 1219 revocatum
315 1136 411 1220 eique
441 1143 622 1223 praecepto
641 1133 872 1200 :substructam
896 1154 966 1198 esee
986 1133 1153 1200 rationem

96 1223 288 1310 speciosam,
302 1213 518 1308 qu·idem,sed
531 1241 603 1286 nnn
616 1241 741 1288 ueram.
779 1219 864 1286 Nam
880 1220 980 1286 ctiam
994 1218 1029 1283 in
1045 1217 1153 1307 Epist.

95 1313 140 1388 9,
163 1313 218 1371 22.
244 1301 345 1370 refert
369 1306 486 1370 Cicero
514 1306 613 1405 vulgo
637 1306 719 1372 dicia
752 1327 829 1370 carm
851 1327 914 1370 noa
941 1314 976 1371 te
999 1303 1150 1370 volvimus

91 1389 293 1468 ,convenire
336 1389 438 1470 Quod
463 1411 543 1458 vero
566 1415 601 1458 m
621 1413 709 1458 cum
738 1388 853 1467 nobie,
885 1387 1010 1477 liquida
1040 1389 1151 1456 littera

97 1475 297 1556 assimilata,
321 1475 487 1551 obsoenus
503 1497 603 1542 sonus
618 1476 768 1559 resultat,
786 1496 862 1542 casu
877 1473 916 1540 fit
933 1485 966 1540 et
980 1484 1092 1564 potest
1109 1475 1149 1542 ab

96 1572 237 1638 oratore
254 1560 365 1637 vitari:
387 1572 670 1650 tamenperversa
686 1562 972 1648 argumentatione
995 1583 1073 1628 cum
1092 1562 1149 1627 Ci-

33 1699 37 1712 .
94 1645 534 1728 coroneconcluderemua,
564 1648 607 1713 ob
635 1647 722 1714 hanc
749 1669 897 1712 caussam
921 1645 1090 1714 evitandae
1113 1646 1149 1713 in

93 1755 174 1799 cum
194 1730 290 1814 nobis
310 1729 542 1809 obscoenitatis
565 1733 667 1806 etiem
692 1733 817 1798 dictum
840 1753 908 1798 esse
932 1744 1063 1815 tecm,
1089 1756 1149 1800 oo-

93 1817 237 1885 biscum.
259 1817 322 1883 Alii
337 1818 541 1906 grammatici
555 1829 680 1886 veteres
697 1819 850 1886 ridentur
865 1818 1029 1886 rationem
1045 1841 1148 1906 quae-

93 1905 209 1974 sivisse
227 1904 262 1970 in
277 1925 344 1968 ‘una
360 1905 532 1970 collisione
553 1904 740 1971 litterarum
761 1926 797 1969 m
813 1913 846 1969 et
861 1927 904 1986 n,
927 1926 1068 1994 quarum
1091 1906 1148 1971 illa

93 1990 130 2056 in
153 1989 241 2056 hanc
262 1990 417 2056 transiret
440 1991 505 2070 ita,
532 2001 570 2056 ut
594 1990 849 2090 praepositionis
876 1989 923 2055 vis
939 2001 987 2058 ,et
1019 1992 1146 2078 species

94 2075 368 2150 abscondereturz
390 2087 424 2142 et
438 2085 527 2140 recte
552 2077 698 2175 quidem.
744 2075 987 2158 Quinctilianus
1015 2089 1149 2144 utrum·

95 2185 161 2249 quc
176 2162 265 2226 miro
283 2161 388 2226 modo
412 2161 584 2228 coniunxit
606 2165 645 2244 8,
661 2169 700 2245 8,
716 2162 770 2228 45.
789 2163 950 2230 iunctura
973 2160 1143 2250 deformi-

96 2260 150 2313 ter
171 2259 296 2328 sonat,
316 2247 401 2322 atsi
423 2247 792 2316 cum'bominibua
821 2248 943 2316 notia
971 2247 1064 2336 loqui
1082 2271 1145 2316 nos

97 2333 255 2415 dicimus,
278 2332 349 2398 nisi
362 2333 425 2397 boo
447 2333 560 2419 ipsum
582 2332 831 2400 bominibus
851 2333 1004 2400 medium
1027 2334 1090 2408 sit,
1111 2333 1150 2399 in

91 2417 299 2509 praefanda
314 2415 468 2498 uidemur
483 2416 687 2503 incidere.(i.
704 2439 733 2482 e.
759 2417 923 2484 obscoena
946 2417 1148 2502 pronuntia-

94 2506 170 2605 re)‚:
208 2505 270 2573 uin
285 2505 411 2570 ultima
424 2503 555 2597 prioris
571 2499 725 2590 syllabae
740 2501 879 2579 littero,
899 2522 986 2592 quae
1004 2501 1150 2586 exprimi

95 2591 170 2657 nesi
185 2529 290 2658 Zadris
308 2587 505 2668 coeuntibus
526 2611 595 2656 nori
611 2598 746 2677 potest,
768 2596 830 2652 aut
852 2585 1149 2657 intersisterenos

97 2669 372 2742 indecentissime
396 2675 490 2763 cogit
514 2673 550 2761 (i.
567 2697 596 2739 e.
617 2684 654 2742 ut
677 2673 866 2746 coniunctio
890 2671 1148 2772 praepositionis

96 2761 243 2852 legitima
267 2760 437 2846 tollatur),
471 2761 756 2828 attrectationem
782 2781 859 2824 cum
887 2769 1081 2846 insequente
1111 2759 1149 2825 in

93 2859 263 2914 normam
283 2850 356 2916 eius
370 2846 600 2934 corrumpitur
617 2847 654 2936 (i.
671 2869 701 2912 e.
725 2855 926 2912 commutata
951 2846 984 2910 in
1010 2868 1035 2912 n
1059 2846 1148 2914 exuit

95 2946 253 3001 naturam
270 2932 391 3020 suam).
433 2935 519 3000 Vera
536 2943 567 3000 et
584 2936 692 3021 prima
707 2933 791 3000 ratio
809 2933 953 2998 cernitur
975 2931 1010 2996 in
1027 2932 1148 2998 maiori

96 3019 300 3094 volubilitate
321 3020 581 3108 pronominum,
612 3042 694 3168 ‹puae
714 3017 845 3090 ¹facilius
871 3017 991 3088 cedunt
1013 3015 1048 3082 in
1072 3041 1149 3084 sua·
1196 3013 1198 3022 ¹

84 3108 245 3188 riorum,
265 3118 391 3172 uttam
414 3105 604 3183 videbatur,
636 3127 780 3170 ormam.
820 3101 858 3170 In
876 3102 938 3168 boc
957 3122 1036 3168 vero
1054 3125 1148 3170 com-

96 3193 265 3283 positione
280 3204 459 3280 utrumqua
474 3187 672 3257 vocabulum
686 3198 907 3256 unoaccentu
923 3187 1148 3274 comprehcn-
1240 3265 1241 3272 ἵ

100 3280 254 3362 debatur,
290 3289 463 3364 tamquam
502 3274 704 3364 praepositio
742 3272 830 3339 faeta
866 3282 950 3360 esset
990 3271 1149 3341 enclitica.

99 3366 175 3448 Qua
191 3366 230 3430 de
250 3385 287 3430 re
302 3364 457 3429 Priscian.
476 3367 527 3426 12.
549 3383 583 3447 p.
598 3360 672 3424 950.
691 3357 791 3422 nulla
806 3369 923 3422 tamen
936 3357 1104 3446 monosyli
1128 3395 1148 3410 -

99 3449 142 3516 ba
157 3473 248 3538 prae
271 3451 372 3516 os-itio
389 3443 787 3532 anastroplaenpotitur,
814 3443 882 3508 nisi
899 3465 953 3506 aaa
990 3443 1051 3511 -Eo
1067 3441 1158 3534 for-1

100 3539 201 3603 tassia
220 3538 234 3602 i
262 3559 300 3602 eo
322 3534 473 3600 enclitici
493 3533 570 3598 uice
578 3527 763 3620 firngitur,
785 3528 866 3615 quie
889 3525 1050 3595 enclitieo
1072 3552 1148 3594 mo-

100 3621 278 3711 nosyllaba
302 3632 398 3705 aunt,
421 3629 454 3683 et
472 3618 528 3684 14..
541 3640 577 3718 p.
595 3620 669 3682 988.
697 3614 778 3680 aliis
802 3635 878 3678 uero
902 3613 979 3680 ideo
999 3613 1151 3683 enclitici

101 3707 295 3798 vicefungt'
310 3704 508 3794 postposito
524 3702 677 3780 videtur,
695 3723 757 3784 ne,
779 3699 811 3766 si
834 3711 1001 3784 acuetur,
1023 3699 1149 3768 adrer-

104 3791 279 3862 biumesse
289 3804 443 3882 putetur.
486 3828 489 3832 ·
681 3839 684 3846 -
717 3845 720 3850 .
985 3840 989 3852 .
1099 3803 1105 3818 ·

181 3975 185 3981 .
208 3916 344 3978 Dixeramt
365 3915 399 3966 dc
427 3914 481 3966 hac
500 3927 532 3964 re
554 3909 658 3963 Manat.
680 3906 716 3962 ad
732 3901 903 3972 cicunias:
916 3899 950 3968 9,
963 3902 1053 3972 ηρ.
1070 3903 1148 3962 1042.

171 3999 293 4070 Bergine
318 3999 397 4054 Tam:
414 3987 440 4052 1.
463 4015 490 4066 p.
507 3993 567 4050 699.
597 3993 626 4050 et
642 3989 745 4060 reliqui
770 3986 945 4060 grammatici
965 3987 1025 4040 iere
1046 4003 1151 4056 omncs,

172 4081 201 4136 in
223 4085 365 4138 Ciceronis
391 4081 572 4152 explicatione
605 4079 817 4150 acquiescentes.
857 4071 1000 4129 Noitenius
1023 4087 1049 4141 p.
1073 4071 1151 4130 1415.
1255 4094 1262 4103 ·
1309 4135 1311 4142 Ι

170 4167 330 4225 observasse
354 4187 383 4224 se
406 4172 500 4222 narret
521 4171 631 4220 veteres
652 4175 702 4235 pro
721 4179 779 4216 com
802 4160 937 4216 nonnullis
965 4157 1067 4211 dixisse
1094 4177 1152 4212 mm

171 4255 267 4321 prun.
302 4255 379 4336 idem
395 4257 472 4324 notat
485 4239 612 4340 epompio
628 4251 706 4334 Gaas.
722 4250 756 4304 B.
776 4267 799 4302 o.
815 4248 850 4314 1,
865 4245 908 4300 tl.
927 4261 985 4300 cura
999 4245 1110 4302 nauibus
1124 4249 1152 4302 et

1270 3759 1295 3792 t
1381 3797 1382 3802 ,
