2802 4732
585 417 739 525 arran.
1110 431 1174 516 547

128 649 131 658 1
190 555 365 648 Gargdttius,
382 575 463 630 etiam
478 574 725 631 unte‘Demoeritue
741 576 852 642 eltuto,
870 577 913 630 iric
925 583 1028 646 spectra
1041 585 1168 642 nominat.

189 662 372 730 Wopkenaiue
389 663 466 715 Iaect.
488 661 563 714 Tull,
581 679 608 732 p.
623 659 665 714 35.
695 665 723 714 et
738 661 859 716 Orelline
873 661 1041 730 scripserunt
1058 675 1083 720 et
1098 671 1167 726 iam:

72 751 78 759 ’
187 747 235 801 liic
258 748 453 802 non‘mutavit
473 745 516 812 14,
541 744 584 799 19.
613 747 694 798 etiam
720 753 784 800 ante
799 747 918 814 fecisset.
940 748 989 801 nbi
1011 750 1170 821 Schellcrua

188 835 309 888 correxit
326 842 352 887 et
369 834 424 885 iam
440 839 511 910 ante.
544 831 711 901 Inplurimie
724 833 794 888 locis
808 829 962 886 videbimus
971 835 1169 896 restituendum

41 971 44 977 .
156 941 159 948 ⁴
185 935 244 974 esse
262 919 352 974 etiam
456 961 460 972 .

200 1041 227 1108 Ι.
241 1047 282 1108 ’1.
302 1037 425 1104 Etiam
441 1035 555 1120 adiicit
567 1036 614 1120 ei,
640 1038 738 1126 (quod
754 1049 810 1104 aut
826 1039 953 1106 dictum
969 1053 1025 1107 aut
1041 1046 1167 1133 cogita·

115 1135 189 1193 tum
207 1138 274 1208 est,
297 1125 386 1200 aliud
411 1124 510 1210 quid,
541 1136 574 1188 et
595 1124 757 1212 significat
780 1125 829 1190 ad
845 1129 948 1204 haec,
967 1143 1166 1215 praeterea,

114 1213 267 1300 insuper.
318 1211 389 1275 Nos
414 1210 551 1273 dicimus
576 1212 680 1287 auch,
709 1213 827 1276 Graeci
850 1217 911 1279 nui.
965 1214 1166 1303 Saepe²ver0

114 1299 224 1364 eiiam
246 1298 334 1362 inter
355 1297 591 1360 sententiarum
616 1307 725 1384 partes
753 1299 857 1367 vicem
878 1321 918 1364 eo
945 1300 1017 1364 ulae
1038 1304 1167 1388 implet,
1236 1321 1240 1338 ¹

113 1394 153 1447 ut
179 1404 243 1470 pro
267 1393 368 1469 utque
392 1380 501 1446 etium
526 1383 675 1468 positum
696 1383 858 1449 videatur.
891 1323 944 1451 vd).
968 1386 1096 1452 Duker.
1125 1390 1167 1454 ad

113 1468 186 1535 Liv.
203 1473 234 1551 7,
253 1474 304 1549 10,
323 1469 374 1533 14.
427 1468 480 1532 Sic
500 1478 648 1533 veterum
674 1469 845 1536 Saxonum
875 1470 915 1536 ue
946 1473 1167 1558 copulativam

108 1551 440 1641 ‘liabetpotestatem0
483 1553 610 1637 Locus,
633 1576 731 1641 quern
745 1556 902 1642 particula
921 1556 1083 1638 obtineat,
1105 1583 1167 1648 per
1281 1567 1284 1574 ‘

113 1640 217 1730 ipsius
240 1649 393 1702 naturam
415 1659 485 1703 non
509 1639 590 1704 alius
613 1641 823 1723 conceditur,
860 1643 923 1707 nisi
948 1653 1022 1708 ante
1041 1667 1166 1712 nomen

112 1726 181 1803 rei,
207 1747 290 1809 quae
309 1725 461 1804 additur,
494 1736 525 1788 et
547 1726 583 1789 in
606 1727 793 1792 'coniunctis
815 1727 1025 1794 substantivis
1050 1741 1082 1795 et
1105 1732 1166 1796 ad-

88 1873 92 1880 .
111 1810 236 1876 iectivis
252 1811 392 1875 medius.
434 1808 500 1875 Vbi
515 1833 593 1888 vero
611 1812 643 1875 in
660 1812 725 1876 hoe
740 1835 866 1880 nomen
887 1815 991 1879 maius
1013 1815 1165 1904 imponi·

79 1969 84 1976 ‚
114 1907 168 1961 tur
191 1897 343 1984 pondus,
365 1903 421 1960 aut
438 1898 651 1983 oppositione
673 1899 941 1985 adaugeturueius
963 1901 1011 1966 vis
1019 1949 1030 1984 ‚
1054 1902 1164 1968 inver-

111 1983 196 2046 titur
212 1983 316 2064 ordo,
340 1992 374 2045 et
383 1984 524 2069 ponitur
539 1983 646 2046 etium
660 1993 737 2070 post
753 2007 850 2049 suum
858 1995 998 2050 nomen.
1041 1985 1165 2055 Itanos

71 2087 75 2096 ’
112 2067 346 2155 distinguimus
371 2064 563 2156 uttclrdiess
588 2078 620 2132 et
641 2065 731 2156 diest
759 2072 858 2136 uticii.
894 2063 1056 2152 'Quando
1083 2097 1164 2141 vero

111 2154 274 2244 particula
291 2153 330 2218 ad
345 2162 452 2216 totam
467 2154 663 2218 sententiam
681 2156 846 2241 pertinet,
876 2156 987 2242 primo
1004 2157 1081 2224 loeo
1123 2183 1164 2225 o-

111 2251 211 2306 natur
227 2236 360 2304 necess'e
372 2249 436 2304 est:
457 2237 522 2302 nisi
539 2237 599 2303 alia
617 2241 804 2304 coniunctio
823 2241 1055 2328 praemittitur.
1099 2182 1165 2311 god

113 2338 191 2391 sunt
221 2324 383 2414 quaedam
417 2324 534 2406 verba,
597 2346 657 2390 uae
680 2325 877 2414 particulam
904 2327 944 2391 nd
969 2351 1003 2392 se
1028 2329 1164 2414 ducunt,

111 2413 243 2479 etiamsi
260 2412 300 2478 ad
319 2409 381 2476 alia
398 2410 518 2476 referri
541 2349 662 2476 delere
679 2412 842 2482 videattu..
887 2411 1051 2480 Dicuntur
1074 2418 1164 2484 enim

110 2499 248 2568 aceedit
262 2494 388 2580 etium,
410 2493 564 2562 addebat
579 2497 686 2564 etiam
703 2508 734 2563 et
749 2498 879 2565 similia.
927 2569 929 2574 ,
959 2505 964 2513 “

217 2609 276 2675 (lia.
289 2607 417 2690 pjcnec.
433 2615 476 2685 lu,
490 2617 533 2672 27.
557 2617 591 2671 A.
609 2616 709 2672 Atilius
724 2625 749 2673 et
765 2617 821 2673 eius
829 2619 908 2688 filius
920 2617 952 2676 li.
974 2619 1073 2676 Atilius
1083 2621 1108 2676 et
1118 2640 1165 2677 as·-

179 2715 267 2762 matcs
289 2705 327 2758 iii
344 2706 431 2772 fnisse
453 2710 478 2758 et
498 2721 526 2758 se
547 2719 607 2756 suos
622 2712 739 2758 armatos
752 2706 893 2782 adduxisse
906 2707 1038 2760 dicerunt.
1065 2708 1167 2761 ‘Etiam

179 2793 230 2846 iton
251 2789 381 2860 ampliaret·
409 2805 489 2860 quum
513 2789 642 2842 Aebutius
668 2791 798 2844 Caecinae
818 2790 918 2846 malum
940 2791 1090 2845 minaretur
1113 2798 1165 2845 etc.

181 2875 201 2931 i.
214 2895 238 2930 e.
249 2919 252 2926 .
264 2876 299 2930 nd
313 2877 393 2929 hece.
421 2875 514 2929 Plaut.
530 2872 609 2943 Cepi.
624 2873 699 2928 Ptol.
713 2873 757 2930 53.
781 2875 827 2931 aed
841 2879 921 2932 etiam
934 2884 988 2943 est,
1011 2877 1106 2947 paucis
1120 2893 1165 2932 uos

133 3003 136 3009 ⁴
180 2962 252 3032 quod
266 2961 378 3015 monitos
392 2960 528 3014 noluerim.
1102 2973 1105 2981 ¹

109 3089 112 3094 ·
215 3059 332 3134 Ponitur
353 3061 382 3115 in
403 3060 492 3115 altere
514 3064 593 3128 parto
616 3059 938 3135 accedente-sententiae
961 3066 1022 3134 post
1042 3058 1176 3132 primum:

178 3146 237 3203 (iio
252 3147 286 3200 do
301 3148 378 3201 Orat.
392 3145 418 3212 1,
435 3145 478 3211 44,
494 3145 555 3199 1146.
573 3146 647 3200 ouius
659 3149 777 3218 primum
792 3149 866 3200 nolis
880 3166 968 3213 mens,
997 3163 1069 3212 mos,
1088 3147 1163 3199 disci·

176 3215 256 3305 plina
273 3239 338 3284 nato
359 3247 413 3284 ease
427 3231 504 3283 astet
520 3255 570 3284 -.
604 3231 757 3303 Percipietis
778 3230 859 3285 etiam
873 3233 950 3287 illum
965 3251 996 3286 en
1017 3231 1167 3302 cognitione

77 3361 80 3366 .
150 3323 154 3328 '
177 3319 246 3372 iuris
261 3313 402 3382 laetitiam.
426 3351 429 3358 ,
479 3305 490 3318 ⁴
749 3335 755 3342 ·
1128 3316 1131 3325 '

215 3419 274 3475 cic.
290 3419 369 3474 Brut.
388 3407 442 3484 15,’
450 3414 511 3472 261.
535 3413 703 3486 splendidam
720 3416 864 3489 quamdam
885 3415 1042 3487 minimeque
1063 3422 1167 3470 vetera·

177 3507 276 3563 teriam
290 3506 420 3566 rationem
435 3499 541 3556 dicendi
554 3506 706 3569 tenuitate,
725 3512 806 3570 motu,
819 3504 1006 3572 scrutantium
1019 3501 1167 3572 magnifico

178 3601 205 3646 et
222 3587 571 3663 generosalquodummudo.
607 3587 721 3653 Curi-7,
738 3588 764 3654 t,
779 3588 822 3642 26.
849 3585 1052 3659 illeeaeungois
1069 3584 1168 3641 attoni·
1222 3627 1236 3662 ,ἱ

178 3682 257 3746 toque
270 3677 482 3738 similitudini,
500 3685 549 3742 pet·
563 3675 660 3724 mettun
675 3670 756 3725 etiam
771 3687 832 3726 uoce
841 3689 992 3746 suppressa.
1029 3682 1034 3689 '

216 3777 273 3832 Cic.
283 3779 368 3831 Acnd.
382 3778 408 3843 2,
420 3774 463 3842 12,
479 3773 522 3828 38.
543 3774 589 3828 sed
604 3775 669 3827 iaec
682 3773 764 3827 ctiam
776 3783 926 3845 sequnntur.
953 3761 1023 3844 quae
1037 3770 1109 3826 bene
1120 3785 1166 3826 ex-

178 3861 278 3932 plicuit
287 3861 465 3916 Goerenzins.
492 3860 555 3914 Liv.
569 3859 612 3926 21,
622 3856 665 3927 51,
674 3858 706 3912 4.·
719 3861 928 3931 depopulatoque
942 3860 1077 3915 vibonensi
1089 3875 1166 3929 agro,

180 3950 272 4001 urbem
288 3949 369 4001 tetiam
385 3948 530 4002 terrebant.

215 4047 258 4102 Ab
275 4047 353 4102 initio
369 4045 521 4102 sentcntiae
538 4047 650 4100 Sueten.
679 4005 757 4102 0144.
774 4041 817 4100 45.
833 4042 920 4126 ptinm
936 4041 1009 4096 coitu
1025 4040 1168 4098 notabilem

176 4135 281 4200 ferunt.
316 4134 388 4202 Aug.
403 4132 447 4185 89.
466 4131 547 4184 etiam
556 4131 638 4183 tiosos
652 4139 719 4188 totos
734 4139 760 4189 et
775 4132 882 4187 senatui
896 4129 1018 4185 recitavit
1032 4133 1058 4183 et
1067 4131 1168 4202 populo

106 4267 109 4280 A
179 4225 255 4274 natas
268 4235 317 4288 pec
334 4219 539 4286 edictumaaepe
548 4215 624 4282 serit.

721 4361 726 4376 ι
803 4322 874 4390 35*
