2802 4732
232 353 301 472 aas
680 397 684 406 ’
728 391 799 468 aa.

300 556 366 625 leq.
391 559 421 610 el
436 541 589 616 norissima
603 523 716 622 agmine
730 518 935 624 nonnumquam
946 555 1006 606 ets.
1031 551 1147 613 Sueten.
1170 529 1251 609 Caes.
1266 551 1295 608 ῧ.
1384 531 1385 534 ¹

295 643 397 700 ,mma
411 649 439 700 „a
452 641 501 695 aas
516 640 629 704 sauata
642 639 762 694 vtatamen
775 640 806 694 a
824 639 934 703 atussa,
952 625 1229 720 intranseunte.

314 783 348 844 7.
374 779 459 843 Sunt
483 798 563 844 vero
590 776 662 864 ipsa
686 775 794 862 rerba¹
817 773 1077 858 consideranda,
1106 777 1149 844 iu
1197 776 1295 841 uibus
1384 823 1385 860 ,

231 867 371 958 proprie
405 864 592 934 admittitur
621 861 702 926 haee
738 863 894 940 inversio.
958 865 1065 950 Atque
1094 799 1295 934 miraltiliter

232 950 505 1030 criticos,etiam
526 951 691 1034 optimos,
713 945 832 1022 fefellit
857 947 1004 1019 formula
1027 971 1111 1014 num
1131 945 1186 1029 et,
1207 971 1296 1035 quae

231 1061 336 1126 quum
351 1038 385 1100 in
401 1047 469 1100 tam
486 1034 600 1104 multis
615 1035 698 1098 lo'cis
715 1035 917 1124 reperiatur,
938 1044 970 1098 et
987 1035 1232 1123 simplicissima
1254 1058 1293 1100 ac

231 1148 311 1192 vera
332 1123 462 1188 ratione
488 1119 725 1198 confirmetur,
764 1122 950 1186 cavendum
975 1121 1055 1202 erit,
1093 1144 1136 1187 ne
1157 1123 1293 1209 impru-

234 1212 352 1276 denter
367 1208 601 1286 admoveamus
619 1205 806 1290 machinas,
860 1207 955 1272 uibus
969 1218 1205 1274 removeantur
1222 1207 1292 1272 dif-

142 1355 145 1358 .
232 1295 414 1371 ficultates,
442 1293 525 1380 qu'ae
549 1315 620 1358 non
645 1293 782 1366 adsunt,
822 1231 952 1376 'flamen
978 1293 1183 1382 permultam
1208 1313 1292 1383 ope·

206 1407 306 1450 *ram
332 1382 394 1447 viri
419 1380 509 1446 docti
537 1389 818 1466 consumpserunt
840 1381 875 1444 in
901 1377 1161 1446 demonstranda
1184 1381 1292 1468 negli-

231 1469 341 1572 gentia
358 1467 480 1555 grata,
510 1488 575 1552 qua
598 1466 717 1530 Cicero
742 1465 783 1530 ab
807 1477 841 1554 et
875 1466 1074 1530 senteutiam
1098 1465 1292 1554 bipartitam

190 1627 194 1631 ,
231 1555 427 1642 incepisset,
464 1551 521 1616 sed
547 1553 684 1616 alteram
714 1561 844 1640 partem
873 1553 1060 1634 omisisset,
1096 1562 1195 1639 atque
1218 1553 1291 1619 'alio
1318 1601 1320 1606 -

230 1643 337 1707 modo
363 1639 550 1704 orationem
573 1637 820 1702 continuasseta
854 1656 916 1702 nec
938 1639 1016 1704 satis
1039 1649 1291 1726 reputaverunt,

124 1800 126 1806 ,
195 1773 207 1815 .‘
232 1749 335 1814 quam
360 1727 514 1812 ineptum
537 1723 601 1787 hoc
628 1721 766 1802 fuisset,
803 1722 867 1788 nisi
890 1724 995 1789 animi
1024 1726 1211 1790 commotio
1234 1736 1291 1790 aut

232 1815 295 1879 alia
319 1834 430 1876 caussa
454 1809 702 1878 intercessisset.
745 1808 863 1896 Neque
885 1832 965 1875 vero
991 1811 1206 1898 intelligitur,
1233 1833 1291 1877 eur

162 1972 167 1984 Ι
232 1901 359 1966 Cicero·
371 1919 505 1984 semper
523 1906 600 1984 post
617 1895 716 1960 verba
738 1917 823 1965 num
845 1908 898 1977 et,
926 1896 1128 1984 cogitatione
1149 1899 1290 1975 turbata,

232 1986 421 2052 orationem
451 1981 647 2050 formaverit
673 1981 910 2050 inconcinnam
943 1993 976 2046 et
1006 1983 1170 2052 claudam.
1223 1984 1290 2050 Sed

231 2072 342 2138 omnis
367 2070 422 2136 hic
448 2092 544 2134 error
566 2065 789 2157 proficiscitur
811 2089 871 2146 so,
908 2068 998 2156 quod
1023 2081 1154 2156 partem
1182 2091 1292 2136 enun-

229 2157 377 2226 tiationis
396 2155 501 2234 bane,
526 2176 611 2242 quae
635 2165 668 2220 et
690 2153 808 2235 habet,
830 2164 951 2242 putant
972 2157 1120 2243 primam
1143 2178 1236 2238 esse,
1258 2167 1291 2222 et

232 2246 370 2310 alteram
386 2243 508 2320 omitti,
532 2263 635 2328 quum
651 2239 707 2305 illa
722 2241 868 2306 secunda
882 2242 935 2322 sit,
961 2253 993 2306 et
1010 2244 1118 2328 prima
1134 2241 1175 2307 eri
1189 2265 1290 2331 supe-

231 2331 377 2398 rioribus
394 2327 534 2415 intelligi
556 2327 684 2392 debeat.
735 2327 822 2392 Nam
844 2339 934 2392 recte
958 2327 1080 2394 dicitur
1097 2334 1182 2394 nam
1198 2341 1232 2394 et
1247 2366 1289 2378 -

232 2429 286 2494 et,
314 2415 372 2480 sed
387 2425 536 2490 mutatur
554 2415 639 2478 ratio
659 2413 760 2478 altera
783 2413 890 2500 prima
908 2423 1003 2500 parte
1018 2399 1088 2478 albu
1106 2415 1213 2482 verbis
1230 2438 1290 2504 exj

232 2526 357 2596 pressa.
402 2501 520 2566 ¹Latini
544 2500 633 2564 enim
656 2497 762 2564 tribus
784 2509 923 2584 utuntur
945 2497 1102 2566 formulis
1127 2501 1289 2574 similibus

230 2589 368 2669 etenim,
386 2597 418 2652 et
434 2609 519 2660 nam
532 2597 575 2664 et,
588 2597 621 2649 et
634 2607 791 2672 namque,
808 2585 1012 2652 seddiverso
1028 2609 1137 2658 sensu.
1154 2589 1290 2654 ¹Graeci

153 2695 156 2700 '
234 2675 349 2740 dicunt
370 2675 421 2738 nal
441 2670 514 2757 yolo,
536 2696 567 2734 τε
589 2668 647 2756 γὰρ
667 2683 700 2753 et
716 2672 921 2758 antiquiores
937 2670 993 2757 γάρ
1013 2697 1055 2737 τε.
1087 2674 1149 2738 Per
1164 2675 1290 2739 etenim

231 2761 377 2826 nectitur
402 2770 473 2822 tota
495 2760 681 2840 sententia,
696 2778 788 2844 ‘quae
811 2757 865 2822 alii
887 2760 1065 2824 sententiae
1088 2761 1291 2848 comproba·

230 2849 361 2912 tionem
384 2845 532 2924 adiiciat,
572 2843 631 2910 sed
646 2844 681 2908 in
701 2866 787 2919 num
807 2856 839 2908 et
859 2844 1035 2918 attrahitur
1058 2847 1155 2911 unius
1173 2847 1290 2912 nomi-

208 2967 210 2971 v
229 2934 282 2998 nis
299 2934 412 3012 notio,
440 2951 523 3016 quac
546 2953 582 2996 m
605 2930 884 3018 comprobatione
908 2941 964 2994 aut
985 2933 1170 2997 maximum
1192 2934 1289 3016 valet,

147 3089 153 3102 Ι
232 3030 290 3086 aut
305 3040 382 3082 cum
396 3017 466 3081 aliis
481 3016 580 3081 rebus
593 3017 819 3105 componitur.
854 3016 951 3081 Vnda
966 3020 1113 3084 nascitur
1126 3020 1290 3086 intensiva

230 3106 300 3186 vis,
323 3127 425 3190 quam
448 3127 465 3168 a
490 3099 673 3202 copulativa
690 3101 849 3190 particula
864 3125 935 3167 non
950 3104 1091 3170 alienam
1108 3127 1178 3170 esse
1194 3117 1289 3173 antea

28 3214 31 3222 ⁴
125 3199 127 3203 ’
229 3191 384 3258 vidimus.
423 3190 514 3256 Haeo
538 3211 617 3258 vero
644 3211 692 3254 vis
718 3211 736 3252 a
758 3178 864 3254 uobis·x
880 3213 951 3254 non
973 3202 1086 3280 potest
1107 3192 1201 3257 reddi
1224 3192 1289 3256 nisi

228 3277 398 3344 uocabulis
421 3277 574 3364 distincte
595 3298 668 3340 rem
691 3274 953 3362 designantibus:
993 3278 1163 3359 nemliola,
1193 3277 1289 3346 atem

230 3361 331 3440 eben,
353 3363 404 3432 vel
421 3363 520 3438 etiam
535 3362 642 3428 verbis
655 3361 747 3430 denn
760 3365 860 3428 arsedi
891 3362 1022 3440 Tamen
1037 3387 1108 3428 non
1123 3375 1289 3452 repugnat

231 3461 351 3514 natura
382 3449 579 3536 copulativa.
638 3449 751 3533 Pergit
780 3451 884 3532 enim,
900 3451 1011 3515 oratio·
1038 3449 1156 3522 malem
1181 3451 1287 3515 modo

229 3535 360 3617 iuncta,
383 3542 450 3626 qud
475 3534 598 3620 legitur
621 3535 709 3618 apud
731 3525 928 3600 Ciceronem
949 3537 1042 3602 Orat.
1060 3547 1146 3626 part.
1163 3541 1218 3624 26,
1233 3541 1288 3604 91.

204 3633 264 3690 ,et
286 3619 374 3690 illast
397 3619 593 3694 videndam,
636 3620 700 3692 Sed
723 3621 947 3708 praemittitur
963 3623 1176 3704 coniunctio,
1203 3643 1288 3710 quae

230 3707 354 3776 indicat
377 3705 488 3774 inesse·
511 3705 838 3796 comprobationem:
875 3709 968 3793 quasi
998 3709 1097 3774 verba
1116 3709 1289 3774 Ciceronis

144 3819 149 3824 ·
216 3817 314 3864 «taum
330 3791 524 3862 et'Atbanis
539 3793 613 3858 ium
632 3793 691 3860 ille
705 3815 777 3860 mos
795 3812 818 3856 o
829 3791 976 3880 Cecrope
988 3796 1183 3882 permansit
1205 3801 1288 3883 prb-

229 3881 422 3944 nuntiemus
440 3879 504 3947 ita:
525 3901 625 3958 nam,
641 3889 674 3944 et
690 3877 827 3943 Athenis
841 3879 909 3944 iam
927 3891 986 3950 etc.
1028 3877 1142 3962 Quare
1161 3893 1195 3946 et
1218 3895 1288 3944 nou

132 3991 134 3994 ·
178 3995 180 4000 ’
229 3963 424 4052 negabimus
463 3963 504 4030 ab
537 3963 632 4030 initio
658 3965 838 4029 sententiae
862 3966 1010 4052 positum
1035 3989 1116 4034 esse,
1181 3969 1288 4055 Atque

228 4053 350 4116 eodem
371 4049 476 4120 modo
501 4051 620 4115 Graeci
641 4051 693 4116 sul
717 4047 773 4134 gain
797 4050 948 4138 dieunt,
964 4063 1001 4116 ut
1020 4059 1091 4117 non
1115 4052 1221 4116 modo
1244 4054 1289 4116 sit

230 4139 376 4218 etenim,
400 4137 459 4201 sed
482 4145 519 4206 ut
542 4137 592 4200 sal
617 4136 658 4200 ad
684 4157 789 4200 unum
808 4136 948 4226 aliquod
970 4159 1096 4206 nomen
1112 4139 1287 4232 pctliueat.

228 4221 310 4325 Halo
329 4225 434 4316 Gorg·
451 4245 487 4316 Pe
505 4221 579 4294 46⁷·
594 4220 640 4290 Ro.
658 4224 709 4291 wls
724 4221 780 4313 γὰρ
796 4229 856 4294 νῦν
872 4221 1019 4313 ὁμολογῶ
