2852 4736
607 373 745 445 saeo.
1145 374 1212 448 aaa
1322 324 1346 440 s

150 535 227 605 robe
252 547 380 617 tatem,
392 505 527 624 iuquit,¹
540 531 713 622 Epicurus
729 531 899 622 ignorat.¹
919 531 963 598 At
977 533 1156 620 quomodo
1171 527 1239 604 in'*
1267 579 1270 589 ·
1318 575 1322 584 ‹

151 623 205 690 his
238 620 544 702 ivellanturverba,
561 642 645 709 quae
661 621 784 706 ubique
800 616 1080 696 cohaereamus
1097 632 1210 712 potest
1319 654 1323 668 =

151 710 310 798 intelligi,
340 730 402 774 nec
418 727 488 772 cur
510 707 544 770 id
575 727 646 771 non
670 704 728 770 fiat
752 705 789 771 in
814 706 1094 793 interrogatione,
1125 731 1210 797 quan
1280 727 1282 732 ·

178 796 409 876 articulatae,
439 815 488 857 on
511 791 647 874 habeat,
688 793 724 857 in
746 792 808 858 alia
833 791 1093 879 interrogatione
1118 805 1209 862 recta
1317 847 1320 858 .

151 819 221 948 bat.
264 883 307 948 Et
331 879 413 970 quid
437 899 628 944 censeamus
654 876 695 943 de
710 878 816 944 Plaitti
839 878 946 945 verbis
968 887 1070 967 supra
1085 879 1209 948 allatise

152 967 236 1058 'quta
252 967 316 1034 tibi
331 989 415 1054 ergo
434 985 549 1029 meam
570 987 625 1030 me
650 964 757 1030 inrito
779 965 887 1030 tactio
911 963 987 1032 est?
1011 967 1150 1054 etquid
1172 979 1211 1033 tu

152 1077 238 1145 ergo
262 1055 386 1120 insane
406 1048 569 1139 rogites?
605 1049 669 1116 Sed
694 1051 768 1139 ipsa
788 1050 968 1118 uerborum
991 1062 1154 1119 structura
1172 1065 1212 1133 ut

152 1139 357 1208 vocabulum
390 1137 510 1226 iuquit.
540 1148 749 1221 monstrant,
799 1138 912 1203 omnia
946 1139 1128 1207 contineri
1143 1163 1212 1209 una

154 1221 399 1307 enuntiatione,
414 1237 447 1308 et
461 1225 561 1290 scribi
577 1223 711 1290 deberet
733 1223 816 1312 quid
830 1245 913 1311 ergo
929 1223 1035 1290 istam
1051 1225 1212 1316 uolupta-

154 1325 244 1394 tem,
268 1311 397 1400 inquit,
412 1307 586 1398 Epicurus
601 1306 770 1399 ignorat?
784 1310 842 1394 ¹Sic
860 1310 1211 1394 etiamaicad.1‚4,18.

176 1397 239 1462 uid
254 1421 348 1486 ergo,
370 1396 523 1484 inpurum,
544 1397 715 1463 Antiocho
731 1393 771 1459 id
784 1395 903 1483 magia
918 1395 1072 1482 licuerit,
1093 1413 1210 1468 nostro

150 1423 349 1576 iumiliari,
365 1483 560 1570 remigrare
574 1482 613 1547 ia
627 1481 768 1549 domum
786 1493 929 1548 ueterem
947 1506 964 1549 e
980 1507 1088 1562 noro,
1106 1495 1212 1574 petam

69 1569 72 1576 ’
155 1567 254 1636 nobis
277 1569 316 1634 in
343 1591 473 1633 novam
502 1565 677 1634 caetere?
704 1570 728 1633 i.
752 1589 781 1632 e.
811 1565 1112 1717 inwiesern'‚aollte
1135 1575 1211 1639 also

154 1653 310 1731 wirktict
332 1653 411 1718 doru
435 1653 623 1720 Antioclms
649 1653 745 1718 molar
762 1649 841 1741 frei
856 1655 1004 1721 steten?
1045 1655 1111 1722 Sed
1137 1660 1148 1722 i
1174 1681 1211 1742 se

157 1740 364 1806 Goerennius
390 1761 502 1804 veram
526 1740 692 1805 rationem
717 1738 888 1828 perspexit
918 1741 953 1805 in
975 1740 1053 1806 loco
1078 1742 1119 1808 de
1138 1681 1211 1812 iia:

153 1823 313 1908 ⁵,29,89.
332 1825 379 1890 ita
395 1825 595 1892 constitutos
616 1824 798 1914 quidergo
810 1825 916 1890 aliter
928 1826 1092 1904 homiues,
1109 1829 1215 1896 aliter

115 1919 117 1924 ’
149 1911 375 2002 philosophos
398 1910 493 1999 ioqui
509 1923 610 1999 putes
633 1923 808 2060 opportere,
834 1911 958 2000 paranti
978 1914 1218 2012 quidquesit?

156 1999 257 2080 Quod
283 1997 397 2062 mirari
420 2016 491 2061 non
515 1998 623 2061 decuit
681 1995 821 2061 sellium.
863 1997 917 2062 Sic
944 2010 1048 2065 enam
1080 2003 1211 2068 Graeci.

154 2085 249 2150 Plato
266 2085 436 2186 Sympos3
451 2104 487 2170 p.
511 2087 587 2172 202.
609 2081 652 2148 D.
682 2085 711 2146 τί
732 2075 789 2146 οὖν
811 2078 869 2164 ir'r,
894 2085 989 2166 igar,
1012 2087 1058 2168 εἴη
1079 2083 1099 2152 o‘
1110 2085 1214 2172 Ἔρως

154 2169 290 2253 deusdet
310 2165 437 2233 Ἧκιστα
462 2192 504 2254 γε.
530 2169 555 2234 i.
573 2191 600 2234 e.
632 2167 712 2254 quid
735 2189 815 2256 ergo
840 2179 935 2254 putes
959 2173 1119 2236 Amorem
1143 2197 1214 2240 esse
1287 2165 1318 2234 ’.

155 2254 359 2322 mortalem?
392 2253 543 2320 Minime.
581 2254 791 2340 Quamquam
810 2253 1017 2344 alitervuigo
1033 2259 1214 2345 interpun-

157 2343 256 2430 gitur.
308 2341 379 2407 cic.
403 2339 506 2406 Tuae.
529 2342 561 2420 8,
584 2345 637 2420 20,
659 2341 713 2403 46.
745 2337 829 2438 quid
854 2361 938 2427 ergo
963 2353 999 2405 tu
1021 2341 1215 2430 Epicurum

156 2429 336 2494 existimus
353 2427 424 2492 iata
442 2425 605 2500 voluisse,
626 2435 687 2489 aut
702 2423 908 2489 libidinosae
927 2426 999 2490 eius
1007 2425 1122 2515 fuisse
1136 2455 1214 2495 sen-

158 2514 311 2580 tentiaa?
339 2511 421 2600 Ego
437 2534 514 2577 uero
529 2511 682 2576 minime.
725 2535 760 2598 p.
776 2509 1014 2577 Batia-Postu.
1029 2519 1060 2588 3,
1079 2519 1111 2579 6.
1134 2539 1213 2582 cor*
1309 2565 1310 2570 η

157 2610 314 2686 raptores
333 2598 444 2663 nostri
459 2619 621 2662 caussam
636 2595 773 2673 dictant,
795 2618 874 2673 nos,
902 2597 960 2684 quai
975 2601 1074 2664 carru
1102 2601 1131 2666 te'
1152 2621 1214 2666 atc-

147 2707 252 2769 ,mns,
272 2706 343 2750 non
358 2683 517 2749 dicimus.
564 2681 660 2765 Quid
673 2704 756 2771 ergo
775 2694 934 2747 sertatum
948 2681 1048 2774 desen
1075 2709 1135 2751 uua
1149 2690 1214 2753 boc

159 2773 253 2848 loco,
272 2768 429 2835 iudices?
459 2769 566 2834 Omni
586 2767 742 2856 equidem
763 2767 839 2833 loco
860 2767 988 2837 debeor,
1014 2771 1067 2836 ito
1095 2773 1138 2838 de
1159 2797 1215 2839 me

159 2869 211 2925 eat
232 2857 373 2935 meritus
398 2854 456 2920 itte
474 2855 590 2938 ordo„
637 2855 674 2920 Si
697 2855 785 2919 inter
813 2855 965 2920 unxerise
1003 2857 1087 2946 quid
1107 2857 1217 2948 ergo?

161 2943 359 3009 sententiam
380 2941 553 3008 exhibebis
579 2940 681 3006 hence
739 2942 772 3005 ui
815 2963 897 3026 ergo
918 2941 1132 3012 faciendum?
1160 2969 1216 3010 se-

99 3059 115 3071 ·=
159 3039 321 3096 notumne
343 3025 518 3092 defendam
542 3025 607 3091 hoc
630 2963 738 3094 Ιοοο.ἓ
768 3025 826 3088 Sin
846 3047 926 3091 vero
950 3028 1012 3108 ita,
1045 3040 1081 3094 ut
1098 3031 1215 3118 scripsi

159 3115 285 3193 modo,
308 3111 362 3176 bic
378 3113 439 3178 erit
455 3134 589 3176 senense
613 3112 687 3176 Sott
700 3112 756 3176 ica
768 3110 836 3176 wod
849 3133 920 3176 arcu
935 3111 1002 3178 deu
1016 3114 1125 3181 Senot
1139 3118 1216 3182 bier

161 3195 424 3289 rertbeidigen?
448 3198 484 3262 in
504 3199 596 3263 Verr.
611 3199 643 3276 4,
657 3201 710 3272 46,
731 3201 803 3261 102.
829 3196 912 3281 quid
927 3221 1012 3286 crgo
1028 3201 1091 3265 boc
1105 3203 1215 3267 solum
1264 3267 1266 3272 ,

162 3285 342 3354 eruditione
359 3294 512 3371 expetere
528 3282 658 3368 coepit,
685 3302 786 3370 quum
809 3281 849 3346 id
872 3282 946 3368 ipae
968 3308 1038 3350 nou
1053 3286 1222 3354 uidisset?

162 3372 416 3447 adtitulati.
444 3367 527 3458 quid
542 3391 625 3456 ergo
641 3367 712 3432 iata
728 3367 831 3454 culpm
844 3366 1059 3438 Brutouem?
1078 3396 1110 3461 p.
1120 3376 1216 3441 Coeo.

164 3460 217 3534 14,
243 3462 297 3523 39.
333 3457 536 3520 Goereuaius
558 3453 659 3541 igitur
680 3474 751 3518 rem
776 3475 886 3518 reram
912 3453 995 3521 bene
1021 3459 1215 3534 observavit,

162 3553 372 3610 nontamen
402 3541 481 3606 satis
513 3539 690 3628 expedivit.
740 3539 827 3603 Nam
849 3538 930 3605 haec
952 3541 1062 3608 forma
1085 3545 1215 3612 nullum

150 3631 277 3696 'locum
292 3628 410 3709 habet,
431 3627 487 3691 ubi
505 3625 568 3713 ista
581 3623 680 3691 rerba
697 3624 951 3713 interrogationi
964 3627 1111 3718 pereas,
1134 3653 1215 3718 quas

164 3715 222 3782 ille
238 3714 333 3797 dixit,
348 3711 525 3802 particulas
542 3731 722 3800 expressae
732 3709 944 3799 praeludunt.
988 3715 1118 3780 Omissa
1133 3723 1217 3804 par·

166 3801 265 3867 ticula
290 3810 412 3866 coeunt
432 3808 544 3890 partes
564 3797 599 3862 in
622 3818 722 3862 unam
748 3797 1018 3864 enuntiationem.
1061 3805 1217 3870 Attamen

164 3908 236 3954 non
258 3907 402 3974 semper.
444 3885 531 3965 Nam
555 3883 653 3950 verba
668 3880 756 3971 quid
770 3881 879 3972 ergo?
904 3884 1004 3950 etiam
1027 3887 1073 3952 ibi
1099 3911 1160 3976 per
1181 3915 1218 3956 se

165 3984 254 4039 stare
269 3979 436 4059 possunt,
447 3969 505 4036 ubi
520 3969 630 4057 pergit
647 3969 754 4032 oratio
771 3978 859 4032 recta
876 3966 1116 4049 declaratione,
1134 3996 1217 4061 quae
1245 4013 1247 4016 ·

167 4058 236 4123 exit
251 4059 286 4122 in
309 4057 618 4141 interrogationem.
664 4055 717 4117 Sic
740 4053 926 4119 Cic.¹Tusc.
944 4061 976 4137 2,
994 4059 1045 4139 14,
1059 4061 1112 4123 at.
1135 4060 1218 4146 qraid

168 4139 278 4231 ergo?
303 4143 367 4206 two
376 4140 481 4292 putari
489 4150 653 4228 possunt,
678 4139 743 4203 viri
757 4161 826 4204 non
836 4140 1026 4225 poterium?
1046 4143 1079 4207 in
1098 4146 1218 4231 quibus

167 4238 298 4297 tantum
318 4248 375 4296 rer
400 4225 509 4316 ariri
530 4249 600 4292 nou
618 4222 805 4314 poteraut?
822 4225 856 4294 in
875 4228 1135 4322 interrogatione
1150 4255 1217 4326 po-
