<?xml version="1.0" encoding="UTF-8"?>
<!DOCTYPE html PUBLIC "-//W3C//DTD XHTML 1.0 Transitional//EN"
    "http://www.w3.org/TR/xhtml1/DTD/xhtml1-transitional.dtd">
<html xmlns="http://www.w3.org/1999/xhtml" xml:lang="en" lang="en">
 <head>
  <title>
</title>
<meta http-equiv="Content-Type" content="text/html;charset=utf-8" />
  <meta name='ocr-system' content='tesseract 3.04.00' />
  <meta name='ocr-capabilities' content='ocr_page ocr_carea ocr_par ocr_line ocrx_word'/>
</head>
<body>
  <div class='ocr_page' id='page_1' title='image "./ferdinandihandi02handgoog_0166.png"; bbox 0 0 2814 4734; ppageno 0'>
   <div class='ocr_carea' id='block_1_1' title="bbox 133 379 1198 1135">
    <p class='ocr_par' dir='ltr' id='par_1_1' title="bbox 603 379 1187 453">
     <span class='ocr_line' id='line_1_1' title="bbox 603 379 1187 453; baseline 0.003 -3"><span class='ocrx_word' id='word_1_1' title='bbox 603 379 712 451; x_wconf 84' lang='lat' dir='ltr'>CVM.</span> <span class='ocrx_word' id='word_1_2' title='bbox 1122 381 1187 453; x_wconf 71' lang='grc'><strong>169</strong></span> 
     </span>
    </p>

    <p class='ocr_par' dir='ltr' id='par_1_2' title="bbox 133 533 1198 1135">
     <span class='ocr_line' id='line_1_2' title="bbox 219 533 1186 626; baseline -0.005 -22"><span class='ocrx_word' id='word_1_3' title='bbox 219 542 272 604; x_wconf 80' lang='lat' dir='ltr'><strong>ta.</strong></span> <span class='ocrx_word' id='word_1_4' title='bbox 297 535 397 620; x_wconf 87' lang='lat' dir='ltr'><strong>Quod</strong></span> <span class='ocrx_word' id='word_1_5' title='bbox 415 538 639 605; x_wconf 86' lang='lat' dir='ltr'><strong>instrumento</strong></span> <span class='ocrx_word' id='word_1_6' title='bbox 658 537 772 625; x_wconf 87' lang='lat' dir='ltr'><strong>aliquo</strong></span> <span class='ocrx_word' id='word_1_7' title='bbox 791 533 940 602; x_wconf 77' lang='lat' dir='ltr'><strong>adhibito</strong></span> <span class='ocrx_word' id='word_1_8' title='bbox 960 533 1019 619; x_wconf 83' lang='lat' dir='ltr'><strong>fit,</strong></span> <span class='ocrx_word' id='word_1_9' title='bbox 1039 541 1095 602; x_wconf 86' lang='lat' dir='ltr'><strong>aut</strong></span> <span class='ocrx_word' id='word_1_10' title='bbox 1118 535 1186 626; x_wconf 69' lang='lat' dir='ltr'><strong>opi</strong></span> 
     </span>
     <span class='ocr_line' id='line_1_3' title="bbox 137 621 1186 726; baseline 0.001 -36"><span class='ocrx_word' id='word_1_11' title='bbox 137 622 270 690; x_wconf 86' lang='lat' dir='ltr'><strong>alicuius</strong></span> <span class='ocrx_word' id='word_1_12' title='bbox 282 625 329 694; x_wconf 88' lang='lat' dir='ltr'><strong>roi</strong></span> <span class='ocrx_word' id='word_1_13' title='bbox 347 626 466 726; x_wconf 88' lang='lat' dir='ltr'><strong>agitur,</strong></span> <span class='ocrx_word' id='word_1_14' title='bbox 481 626 515 691; x_wconf 89' lang='lat' dir='ltr'><strong>id</strong></span> <span class='ocrx_word' id='word_1_15' title='bbox 531 625 715 714; x_wconf 85' lang='lat' dir='ltr'><strong>dieipotest</strong></span> <span class='ocrx_word' id='word_1_16' title='bbox 732 633 808 688; x_wconf 89' lang='lat' dir='ltr'><strong>o&#39;um</strong></span> <span class='ocrx_word' id='word_1_17' title='bbox 820 647 857 689; x_wconf 88' lang='lat' dir='ltr'><strong>ea</strong></span> <span class='ocrx_word' id='word_1_18' title='bbox 874 621 944 708; x_wconf 77' lang='lat' dir='ltr'><strong>agis</strong></span> <span class='ocrx_word' id='word_1_19' title='bbox 961 622 1049 710; x_wconf 88' lang='lat' dir='ltr'><strong>qaod</strong></span> <span class='ocrx_word' id='word_1_20' title='bbox 1065 621 1186 691; x_wconf 87' lang='lat' dir='ltr'><strong>rationi</strong></span> 
     </span>
     <span class='ocr_line' id='line_1_4' title="bbox 134 709 1198 777; baseline 0 -3"><span class='ocrx_word' id='word_1_21' title='bbox 134 710 218 776; x_wconf 87' lang='lat' dir='ltr'><strong>bene</strong></span> <span class='ocrx_word' id='word_1_22' title='bbox 240 721 403 777; x_wconf 76' lang='lat' dir='ltr'><strong>convenit.</strong></span> <span class='ocrx_word' id='word_1_23' title='bbox 447 712 534 776; x_wconf 89' lang='lat' dir='ltr'><strong>Nam</strong></span> <span class='ocrx_word' id='word_1_24' title='bbox 551 712 662 776; x_wconf 86' lang='lat' dir='ltr'><strong>subest</strong></span> <span class='ocrx_word' id='word_1_25' title='bbox 678 711 821 775; x_wconf 88' lang='lat' dir='ltr'><strong>duarum</strong></span> <span class='ocrx_word' id='word_1_26' title='bbox 844 729 956 775; x_wconf 89' lang='lat' dir='ltr'><strong>rerum</strong></span> <span class='ocrx_word' id='word_1_27' title='bbox 982 709 1198 774; x_wconf 63' lang='lat' dir='ltr'><strong>coniunctio.⁴</strong></span> 
     </span>
     <span class='ocr_line' id='line_1_5' title="bbox 133 794 1187 884; baseline 0 -24"><span class='ocrx_word' id='word_1_28' title='bbox 133 794 173 860; x_wconf 89' lang='lat' dir='ltr'><strong>Id</strong></span> <span class='ocrx_word' id='word_1_29' title='bbox 189 799 395 882; x_wconf 84' lang='lat' dir='ltr'><strong>grammatici</strong></span> <span class='ocrx_word' id='word_1_30' title='bbox 418 795 500 868; x_wconf 91' lang='lat' dir='ltr'><strong>olim</strong></span> <span class='ocrx_word' id='word_1_31' title='bbox 523 798 567 862; x_wconf 88' lang='lat' dir='ltr'><strong>ita</strong></span> <span class='ocrx_word' id='word_1_32' title='bbox 588 805 892 882; x_wconf 82' lang='lat' dir='ltr'><strong>conceperunt,‘ut</strong></span> <span class='ocrx_word' id='word_1_33' title='bbox 916 795 950 859; x_wconf 92' lang='lat' dir='ltr'><strong>in</strong></span> <span class='ocrx_word' id='word_1_34' title='bbox 974 813 1187 884; x_wconf 84' lang='lat' dir='ltr'><strong>quocumque</strong></span> 
     </span>
     <span class='ocr_line' id='line_1_6' title="bbox 135 879 1189 968; baseline -0.002 -22"><span class='ocrx_word' id='word_1_35' title='bbox 135 879 277 948; x_wconf 83' lang='lat' dir='ltr'><strong>ablativo</strong></span> <span class='ocrx_word' id='word_1_36' title='bbox 295 879 770 967; x_wconf 83' lang='lat' dir='ltr'><strong>instrumentumsignilioante</strong></span> <span class='ocrx_word' id='word_1_37' title='bbox 785 879 1064 968; x_wconf 76' lang='lat' dir='ltr'><strong>praepositionem</strong></span> <span class='ocrx_word' id='word_1_38' title='bbox 1078 882 1189 946; x_wconf 51' lang='lat' dir='ltr'><strong>vitan&amp;</strong></span> 
     </span>
     <span class='ocr_line' id='line_1_7' title="bbox 134 963 1186 1062; baseline 0 -32"><span class='ocrx_word' id='word_1_39' title='bbox 134 965 197 1036; x_wconf 88' lang='lat' dir='ltr'><strong>dae</strong></span> <span class='ocrx_word' id='word_1_40' title='bbox 229 967 452 1054; x_wconf 74' lang='lat' dir='ltr'><strong>ambiguitatis</strong></span> <span class='ocrx_word' id='word_1_41' title='bbox 494 985 606 1028; x_wconf 77' lang='lat' dir='ltr'>caussa</span> <span class='ocrx_word' id='word_1_42' title='bbox 640 964 799 1028; x_wconf 85' lang='lat' dir='ltr'><strong>omissam</strong></span> <span class='ocrx_word' id='word_1_43' title='bbox 827 965 1056 1062; x_wconf 88' lang='lat' dir='ltr'><strong>intelligerent.</strong></span> <span class='ocrx_word' id='word_1_44' title='bbox 1109 963 1186 1030; x_wconf 68' lang='lat' dir='ltr'><strong>vids</strong></span> 
     </span>
     <span class='ocr_line' id='line_1_8' title="bbox 134 1048 1187 1135; baseline -0.003 -17"><span class='ocrx_word' id='word_1_45' title='bbox 134 1053 260 1118; x_wconf 88' lang='lat' dir='ltr'><strong>Sanctii</strong></span> <span class='ocrx_word' id='word_1_46' title='bbox 274 1053 360 1116; x_wconf 85' lang='lat' dir='ltr'><strong>Min.</strong></span> <span class='ocrx_word' id='word_1_47' title='bbox 380 1052 411 1127; x_wconf 75' lang='grc'><strong>4,</strong></span> <span class='ocrx_word' id='word_1_48' title='bbox 434 1053 465 1112; x_wconf 86' lang='grc'><strong>6.</strong></span> <span class='ocrx_word' id='word_1_49' title='bbox 488 1069 523 1135; x_wconf 84' lang='lat' dir='ltr'><strong>p.</strong></span> <span class='ocrx_word' id='word_1_50' title='bbox 541 1051 616 1113; x_wconf 81' lang='lat'><strong>248.</strong></span> <span class='ocrx_word' id='word_1_51' title='bbox 644 1048 689 1114; x_wconf 86' lang='lat' dir='ltr'><strong>Et</strong></span> <span class='ocrx_word' id='word_1_52' title='bbox 703 1049 987 1114; x_wconf 82' lang='lat' dir='ltr'><strong>miraturVossrus</strong></span> <span class='ocrx_word' id='word_1_53' title='bbox 1003 1050 1043 1114; x_wconf 86' lang='lat' dir='ltr'><strong>de</strong></span> <span class='ocrx_word' id='word_1_54' title='bbox 1055 1049 1187 1116; x_wconf 81' lang='lat' dir='ltr'><strong>Constr.</strong></span> 
     </span>
    </p>
   </div>
   <div class='ocr_carea' id='block_1_2' title="bbox 131 1132 1188 1368">
    <p class='ocr_par' dir='ltr' id='par_1_3' title="bbox 131 1132 1188 1368">
     <span class='ocr_line' id='line_1_9' title="bbox 131 1132 1188 1224; baseline -0.005 -20"><span class='ocrx_word' id='word_1_55' title='bbox 131 1141 192 1223; x_wconf 68' lang='lat'><strong>47,</strong></span> <span class='ocrx_word' id='word_1_56' title='bbox 211 1160 246 1224; x_wconf 86' lang='lat' dir='ltr'><strong>p.</strong></span> <span class='ocrx_word' id='word_1_57' title='bbox 261 1141 339 1203; x_wconf 82' lang='grc'><strong>498.</strong></span> <span class='ocrx_word' id='word_1_58' title='bbox 364 1132 543 1198; x_wconf 76' lang='lat' dir='ltr'><strong>ablativum</strong></span> <span class='ocrx_word' id='word_1_59' title='bbox 570 1133 656 1222; x_wconf 90' lang='lat' dir='ltr'><strong>apud</strong></span> <span class='ocrx_word' id='word_1_60' title='bbox 679 1135 814 1200; x_wconf 85' lang='lat' dir='ltr'><strong>Latinos</strong></span> <span class='ocrx_word' id='word_1_61' title='bbox 839 1135 993 1224; x_wconf 81' lang='lat' dir='ltr'><strong>reingere</strong></span> <span class='ocrx_word' id='word_1_62' title='bbox 1015 1135 1188 1222; x_wconf 78' lang='lat' dir='ltr'><strong>praeposi·¹</strong></span> 
     </span>
     <span class='ocr_line' id='line_1_10' title="bbox 131 1219 1188 1368; baseline -0.003 -82"><span class='ocrx_word' id='word_1_63' title='bbox 131 1225 283 1288; x_wconf 84' lang='lat' dir='ltr'><strong>tionem:</strong></span> <span class='ocrx_word' id='word_1_64' title='bbox 316 1237 415 1368; x_wconf 89' lang='lat' dir='ltr'><strong>quam</strong></span> <span class='ocrx_word' id='word_1_65' title='bbox 447 1239 553 1306; x_wconf 88' lang='lat' dir='ltr'><strong>quum</strong></span> <span class='ocrx_word' id='word_1_66' title='bbox 584 1241 700 1285; x_wconf 89' lang='lat' dir='ltr'><strong>omues</strong></span> <span class='ocrx_word' id='word_1_67' title='bbox 729 1219 800 1285; x_wconf 81' lang='lat' dir='ltr'><strong>sere</strong></span> <span class='ocrx_word' id='word_1_68' title='bbox 828 1221 959 1308; x_wconf 88' lang='lat' dir='ltr'><strong>linguae</strong></span> <span class='ocrx_word' id='word_1_69' title='bbox 987 1220 1188 1308; x_wconf 67' lang='lat' dir='ltr'><strong>exprimantp</strong></span> 
     </span>
    </p>
   </div>
   <div class='ocr_carea' id='block_1_3' title="bbox 87 1304 1189 1476">
    <p class='ocr_par' dir='ltr' id='par_1_4' title="bbox 87 1304 1189 1476">
     <span class='ocr_line' id='line_1_11' title="bbox 116 1304 1188 1404; baseline -0.003 -33"><span class='ocrx_word' id='word_1_70' title='bbox 116 1309 239 1372; x_wconf 80' lang='lat' dir='ltr'><strong>etiam</strong></span> <span class='ocrx_word' id='word_1_71' title='bbox 263 1307 312 1402; x_wconf 42' lang='lat' dir='ltr'><strong>in„</strong></span> <span class='ocrx_word' id='word_1_72' title='bbox 338 1304 430 1368; x_wconf 88' lang='lat' dir='ltr'><strong>atina</strong></span> <span class='ocrx_word' id='word_1_73' title='bbox 458 1305 707 1404; x_wconf 87' lang='lat' dir='ltr'><strong>intelligendam</strong></span> <span class='ocrx_word' id='word_1_74' title='bbox 740 1317 820 1371; x_wconf 80' lang='lat' dir='ltr'><strong>esse.</strong></span> <span class='ocrx_word' id='word_1_75' title='bbox 876 1308 976 1372; x_wconf 90' lang='lat' dir='ltr'><strong>Cuius</strong></span> <span class='ocrx_word' id='word_1_76' title='bbox 1007 1307 1188 1404; x_wconf 69' lang='lat' dir='ltr'><strong>sententiat</strong></span> 
     </span>
     <span class='ocr_line' id='line_1_12' title="bbox 87 1389 1189 1476; baseline 0 -20"><span class='ocrx_word' id='word_1_77' title='bbox 87 1415 98 1432; x_wconf 91' lang='lat'><strong>·</strong></span> <span class='ocrx_word' id='word_1_78' title='bbox 137 1391 315 1458; x_wconf 77' lang='lat' dir='ltr'><strong>adversarii</strong></span> <span class='ocrx_word' id='word_1_79' title='bbox 338 1389 475 1476; x_wconf 80' lang='lat' dir='ltr'><strong>posthac</strong></span> <span class='ocrx_word' id='word_1_80' title='bbox 498 1402 692 1459; x_wconf 78' lang='lat' dir='ltr'><strong>exstiterunt</strong></span> <span class='ocrx_word' id='word_1_81' title='bbox 716 1392 824 1457; x_wconf 89' lang='lat' dir='ltr'><strong>multi.</strong></span> <span class='ocrx_word' id='word_1_82' title='bbox 880 1391 945 1458; x_wconf 85' lang='lat' dir='ltr'><strong>Sed</strong></span> <span class='ocrx_word' id='word_1_83' title='bbox 969 1393 1120 1458; x_wconf 77' lang='lat' dir='ltr'><strong>Perottus</strong></span> <span class='ocrx_word' id='word_1_84' title='bbox 1152 1413 1189 1456; x_wconf 84' lang='lat' dir='ltr'><strong>ru</strong></span> 
     </span>
    </p>
   </div>
   <div class='ocr_carea' id='block_1_4' title="bbox 136 1475 1190 1649">
    <p class='ocr_par' dir='ltr' id='par_1_5' title="bbox 136 1475 1190 1649">
     <span class='ocr_line' id='line_1_13' title="bbox 139 1475 1189 1565; baseline 0.001 -26"><span class='ocrx_word' id='word_1_85' title='bbox 139 1475 258 1540; x_wconf 84' lang='lat' dir='ltr'><strong>Cornu</strong></span> <span class='ocrx_word' id='word_1_86' title='bbox 277 1497 351 1562; x_wconf 89' lang='lat' dir='ltr'><strong>cop.</strong></span> <span class='ocrx_word' id='word_1_87' title='bbox 376 1499 410 1562; x_wconf 90' lang='lat' dir='ltr'><strong>p.</strong></span> <span class='ocrx_word' id='word_1_88' title='bbox 428 1481 502 1542; x_wconf 81' lang='lat'>320.</span> <span class='ocrx_word' id='word_1_89' title='bbox 522 1487 554 1541; x_wconf 90' lang='lat' dir='ltr'><strong>et</strong></span> <span class='ocrx_word' id='word_1_90' title='bbox 575 1478 673 1544; x_wconf 83' lang='lat' dir='ltr'><strong>Lanr.</strong></span> <span class='ocrx_word' id='word_1_91' title='bbox 698 1477 851 1548; x_wconf 81' lang='lat' dir='ltr'><strong>Vallain</strong></span> <span class='ocrx_word' id='word_1_92' title='bbox 871 1479 1021 1565; x_wconf 88' lang='lat' dir='ltr'><strong>Elegant.</strong></span> <span class='ocrx_word' id='word_1_93' title='bbox 1040 1483 1082 1558; x_wconf 81' lang='lat'><strong>2,</strong></span> <span class='ocrx_word' id='word_1_94' title='bbox 1101 1478 1133 1544; x_wconf 80' lang='grc'><strong>6.</strong></span> <span class='ocrx_word' id='word_1_95' title='bbox 1156 1485 1189 1541; x_wconf 91' lang='lat' dir='ltr'><strong>et</strong></span> 
     </span>
     <span class='ocr_line' id='line_1_14' title="bbox 136 1560 1190 1649; baseline -0.004 -20"><span class='ocrx_word' id='word_1_96' title='bbox 136 1560 316 1630; x_wconf 85' lang='lat' dir='ltr'><strong>Goelenius</strong></span> <span class='ocrx_word' id='word_1_97' title='bbox 343 1561 378 1624; x_wconf 88' lang='lat' dir='ltr'><strong>in</strong></span> <span class='ocrx_word' id='word_1_98' title='bbox 403 1562 568 1628; x_wconf 84' lang='lat' dir='ltr'><strong>Problem.</strong></span> <span class='ocrx_word' id='word_1_99' title='bbox 600 1582 708 1649; x_wconf 87' lang='lat' dir='ltr'><strong>gram.</strong></span> <span class='ocrx_word' id='word_1_100' title='bbox 729 1569 771 1645; x_wconf 79' lang='lat'><strong>8,</strong></span> <span class='ocrx_word' id='word_1_101' title='bbox 799 1569 849 1630; x_wconf 76' lang='lat' dir='ltr'><strong>tt.</strong></span> <span class='ocrx_word' id='word_1_102' title='bbox 882 1564 1190 1636; x_wconf 78' lang='lat' dir='ltr'><strong>demonstraverant</strong></span> 
     </span>
    </p>
   </div>
   <div class='ocr_carea' id='block_1_5' title="bbox 17 1646 1189 1736">
    <p class='ocr_par' dir='ltr' id='par_1_6' title="bbox 17 1646 1189 1736">
     <span class='ocr_line' id='line_1_15' title="bbox 17 1646 1189 1736; baseline 0.003 -26"><span class='ocrx_word' id='word_1_103' title='bbox 17 1661 18 1666; x_wconf 75' lang='grc'>’</span> <span class='ocrx_word' id='word_1_104' title='bbox 132 1669 213 1714; x_wconf 87' lang='lat' dir='ltr'><strong>oum</strong></span> <span class='ocrx_word' id='word_1_105' title='bbox 227 1646 508 1736; x_wconf 61' lang='lat' dir='ltr'><strong>praepositionem</strong></span> <span class='ocrx_word' id='word_1_106' title='bbox 526 1670 713 1736; x_wconf 83' lang='lat' dir='ltr'><strong>numquam</strong></span> <span class='ocrx_word' id='word_1_107' title='bbox 728 1649 821 1736; x_wconf 87' lang='lat' dir='ltr'><strong>iungi</strong></span> <span class='ocrx_word' id='word_1_108' title='bbox 836 1652 966 1717; x_wconf 90' lang='lat' dir='ltr'><strong>nomini</strong></span> <span class='ocrx_word' id='word_1_109' title='bbox 984 1651 1189 1715; x_wconf 86' lang='lat' dir='ltr'><strong>iustrumen-</strong></span> 
     </span>
    </p>
   </div>
   <div class='ocr_carea' id='block_1_6' title="bbox 132 1732 1190 1820">
    <p class='ocr_par' dir='ltr' id='par_1_7' title="bbox 132 1732 1190 1820">
     <span class='ocr_line' id='line_1_16' title="bbox 132 1732 1190 1820; baseline -0.001 -22"><span class='ocrx_word' id='word_1_110' title='bbox 132 1732 180 1814; x_wconf 89' lang='lat' dir='ltr'><strong>ti,</strong></span> <span class='ocrx_word' id='word_1_111' title='bbox 203 1732 259 1796; x_wconf 90' lang='lat' dir='ltr'><strong>sed</strong></span> <span class='ocrx_word' id='word_1_112' title='bbox 276 1733 423 1812; x_wconf 91' lang='lat' dir='ltr'><strong>comitis,</strong></span> <span class='ocrx_word' id='word_1_113' title='bbox 444 1755 506 1798; x_wconf 90' lang='lat' dir='ltr'><strong>neo</strong></span> <span class='ocrx_word' id='word_1_114' title='bbox 519 1733 620 1799; x_wconf 91' lang='lat' dir='ltr'><strong>latine</strong></span> <span class='ocrx_word' id='word_1_115' title='bbox 637 1735 869 1820; x_wconf 82' lang='lat' dir='ltr'><strong>dioipersussi</strong></span> <span class='ocrx_word' id='word_1_116' title='bbox 882 1758 960 1800; x_wconf 86' lang='lat' dir='ltr'><strong>cum</strong></span> <span class='ocrx_word' id='word_1_117' title='bbox 972 1735 1096 1818; x_wconf 77' lang='lat' dir='ltr'><strong>lausto,</strong></span> <span class='ocrx_word' id='word_1_118' title='bbox 1118 1733 1190 1815; x_wconf 87' lang='lat' dir='ltr'><strong>sed,</strong></span> 
     </span>
    </p>
   </div>
   <div class='ocr_carea' id='block_1_7' title="bbox 115 1817 1188 1909">
    <p class='ocr_par' dir='ltr' id='par_1_8' title="bbox 115 1817 1188 1909">
     <span class='ocr_line' id='line_1_17' title="bbox 115 1817 1188 1909; baseline 0.001 -25"><span class='ocrx_word' id='word_1_119' title='bbox 115 1819 240 1904; x_wconf 25' lang='lat' dir='ltr'><strong>*sicubi</strong></span> <span class='ocrx_word' id='word_1_120' title='bbox 263 1827 448 1884; x_wconf 85' lang='lat' dir='ltr'><strong>occurreret</strong></span> <span class='ocrx_word' id='word_1_121' title='bbox 461 1820 699 1909; x_wconf 74' lang='lat' dir='ltr'><strong>praepositio,</strong></span> <span class='ocrx_word' id='word_1_122' title='bbox 720 1820 897 1907; x_wconf 85' lang='lat' dir='ltr'><strong>significari</strong></span> <span class='ocrx_word' id='word_1_123' title='bbox 920 1823 1089 1890; x_wconf 87' lang='lat' dir='ltr'><strong>comitem.</strong></span> <span class='ocrx_word' id='word_1_124' title='bbox 1134 1817 1188 1885; x_wconf 85' lang='lat' dir='ltr'><strong>cf.</strong></span> 
     </span>
    </p>
   </div>
   <div class='ocr_carea' id='block_1_8' title="bbox 133 1902 1192 2503">
    <p class='ocr_par' dir='ltr' id='par_1_9' title="bbox 133 1902 1192 2503">
     <span class='ocr_line' id='line_1_18' title="bbox 133 1902 1188 2002; baseline 0 -30"><span class='ocrx_word' id='word_1_125' title='bbox 133 1903 253 2002; x_wconf 76' lang='lat' dir='ltr'><strong>Baugii</strong></span> <span class='ocrx_word' id='word_1_126' title='bbox 277 1902 417 2002; x_wconf 72' lang='lat' dir='ltr'><strong>Observ.</strong></span> <span class='ocrx_word' id='word_1_127' title='bbox 440 1903 559 1992; x_wconf 88' lang='lat' dir='ltr'><strong>philol.</strong></span> <span class='ocrx_word' id='word_1_128' title='bbox 581 1904 625 1970; x_wconf 88' lang='grc' dir='ltr'><strong>Τ.</strong></span> <span class='ocrx_word' id='word_1_129' title='bbox 648 1911 681 1972; x_wconf 81' lang='lat'><strong>2.</strong></span> <span class='ocrx_word' id='word_1_130' title='bbox 707 1929 742 1992; x_wconf 89' lang='lat' dir='ltr'><strong>p.</strong></span> <span class='ocrx_word' id='word_1_131' title='bbox 765 1907 858 1988; x_wconf 54' lang='lat'><strong>875„</strong></span> <span class='ocrx_word' id='word_1_132' title='bbox 891 1907 1098 1984; x_wconf 76' lang='lat' dir='ltr'><strong>Perizonius,</strong></span> <span class='ocrx_word' id='word_1_133' title='bbox 1131 1906 1188 1992; x_wconf 93' lang='lat' dir='ltr'><strong>qui</strong></span> 
     </span>
     <span class='ocr_line' id='line_1_19' title="bbox 134 1989 1189 2228; baseline 0.002 -88"><span class='ocrx_word' id='word_1_134' title='bbox 134 1990 271 2162; x_wconf 56' lang='lat' dir='ltr'><strong>{illl</strong></span> <span class='ocrx_word' id='word_1_135' title='bbox 279 1989 773 2228; x_wconf 67' lang='lat' dir='ltr'><strong>ttllt¹tt÷ttttlts‚l,ttt</strong></span> <span class='ocrx_word' id='word_1_136' title='bbox 788 2002 865 2143; x_wconf 73' lang='lat' dir='ltr'><strong>tt</strong></span> <span class='ocrx_word' id='word_1_137' title='bbox 879 1991 1189 2166; x_wconf 64' lang='lat' dir='ltr'><strong>ltltttttgltt:</strong></span> 
     </span>
     <span class='ocr_line' id='line_1_20' title="bbox 136 2159 1190 2396; baseline -0.006 -79"><span class='ocrx_word' id='word_1_138' title='bbox 136 2171 230 2345; x_wconf 56' lang='lat' dir='ltr'><strong>tt,</strong></span> <span class='ocrx_word' id='word_1_139' title='bbox 245 2159 692 2396; x_wconf 60' lang='lat' dir='ltr'><strong>lttltltttltftttt</strong></span> <span class='ocrx_word' id='word_1_140' title='bbox 708 2163 885 2315; x_wconf 58' lang='lat' dir='ltr'><strong>‘dialis</strong></span> <span class='ocrx_word' id='word_1_141' title='bbox 904 2163 1190 2320; x_wconf 57' lang='lat' dir='ltr'><strong>lllllsilllss</strong></span> 
     </span>
     <span class='ocr_line' id='line_1_21' title="bbox 138 2331 1192 2503; baseline -0.004 -19"><span class='ocrx_word' id='word_1_142' title='bbox 138 2331 1192 2503; x_wconf 44' lang='lat' dir='ltr'><strong>nrecitarentureatstantter</strong></span> 
     </span>
    </p>
   </div>
   <div class='ocr_carea' id='block_1_9' title="bbox 89 2499 1191 2588">
    <p class='ocr_par' dir='ltr' id='par_1_10' title="bbox 89 2499 1191 2588">
     <span class='ocr_line' id='line_1_22' title="bbox 89 2499 1191 2588; baseline -0.003 -19"><span class='ocrx_word' id='word_1_143' title='bbox 89 2547 92 2556; x_wconf 50' lang='grc' dir='ltr'>ι</span> <span class='ocrx_word' id='word_1_144' title='bbox 138 2503 384 2569; x_wconf 81' lang='lat' dir='ltr'><strong>monstratione</strong></span> <span class='ocrx_word' id='word_1_145' title='bbox 413 2503 625 2588; x_wconf 84' lang='lat' dir='ltr'><strong>pertinaciter</strong></span> <span class='ocrx_word' id='word_1_146' title='bbox 655 2510 705 2566; x_wconf 86' lang='lat' dir='ltr'><strong>est</strong></span> <span class='ocrx_word' id='word_1_147' title='bbox 732 2511 888 2566; x_wconf 88' lang='lat' dir='ltr'><strong>versatus.</strong></span> <span class='ocrx_word' id='word_1_148' title='bbox 938 2499 1191 2566; x_wconf 71' lang='lat' dir='ltr'><strong>Reddimannus</strong></span> 
     </span>
    </p>
   </div>
   <div class='ocr_carea' id='block_1_10' title="bbox 139 2583 1229 3873">
    <p class='ocr_par' dir='ltr' id='par_1_11' title="bbox 139 2583 1229 3873">
     <span class='ocr_line' id='line_1_23' title="bbox 140 2583 1193 2676; baseline 0 -23"><span class='ocrx_word' id='word_1_149' title='bbox 140 2599 251 2653; x_wconf 85' lang='lat' dir='ltr'><strong>autern</strong></span> <span class='ocrx_word' id='word_1_150' title='bbox 273 2609 378 2676; x_wconf 88' lang='lat' dir='ltr'><strong>quum</strong></span> <span class='ocrx_word' id='word_1_151' title='bbox 396 2588 524 2652; x_wconf 84' lang='lat' dir='ltr'><strong>Vallam</strong></span> <span class='ocrx_word' id='word_1_152' title='bbox 543 2596 700 2674; x_wconf 88' lang='lat' dir='ltr'><strong>sequutus</strong></span> <span class='ocrx_word' id='word_1_153' title='bbox 720 2596 886 2676; x_wconf 87' lang='lat' dir='ltr'><strong>negasset,</strong></span> <span class='ocrx_word' id='word_1_154' title='bbox 910 2609 987 2652; x_wconf 87' lang='lat' dir='ltr'><strong>oum</strong></span> <span class='ocrx_word' id='word_1_155' title='bbox 1009 2583 1193 2674; x_wconf 87' lang='lat' dir='ltr'><strong>significare</strong></span> 
     </span>
     <span class='ocr_line' id='line_1_24' title="bbox 140 2672 1193 2762; baseline -0.003 -22"><span class='ocrx_word' id='word_1_156' title='bbox 140 2675 420 2747; x_wconf 83' lang='lat' dir='ltr'><strong>instrumentum,</strong></span> <span class='ocrx_word' id='word_1_157' title='bbox 444 2695 545 2760; x_wconf 90' lang='lat' dir='ltr'><strong>eaque</strong></span> <span class='ocrx_word' id='word_1_158' title='bbox 568 2672 738 2762; x_wconf 85' lang='lat' dir='ltr'><strong>exempla,</strong></span> <span class='ocrx_word' id='word_1_159' title='bbox 760 2696 843 2762; x_wconf 86' lang='lat' dir='ltr'><strong>quae</strong></span> <span class='ocrx_word' id='word_1_160' title='bbox 865 2672 920 2738; x_wconf 91' lang='lat' dir='ltr'><strong>alii</strong></span> <span class='ocrx_word' id='word_1_161' title='bbox 943 2673 1193 2754; x_wconf 80' lang='lat' dir='ltr'><strong>adstruxissent,</strong></span> 
     </span>
     <span class='ocr_line' id='line_1_25' title="bbox 140 2759 1192 2846; baseline 0 -20"><span class='ocrx_word' id='word_1_162' title='bbox 140 2759 196 2826; x_wconf 85' lang='lat' dir='ltr'><strong>vel</strong></span> <span class='ocrx_word' id='word_1_163' title='bbox 212 2759 311 2825; x_wconf 84' lang='lat' dir='ltr'><strong>falsae</strong></span> <span class='ocrx_word' id='word_1_164' title='bbox 324 2759 377 2825; x_wconf 83' lang='lat' dir='ltr'><strong>rel</strong></span> <span class='ocrx_word' id='word_1_165' title='bbox 396 2760 512 2824; x_wconf 88' lang='lat' dir='ltr'><strong>dubiae</strong></span> <span class='ocrx_word' id='word_1_166' title='bbox 528 2759 675 2825; x_wconf 86' lang='lat' dir='ltr'><strong>lectionis</strong></span> <span class='ocrx_word' id='word_1_167' title='bbox 690 2759 813 2838; x_wconf 87' lang='lat' dir='ltr'><strong>videri,</strong></span> <span class='ocrx_word' id='word_1_168' title='bbox 840 2771 872 2826; x_wconf 89' lang='lat' dir='ltr'><strong>et</strong></span> <span class='ocrx_word' id='word_1_169' title='bbox 888 2781 1035 2846; x_wconf 82' lang='lat' dir='ltr'><strong>caussam</strong></span> <span class='ocrx_word' id='word_1_170' title='bbox 1052 2761 1100 2825; x_wconf 90' lang='lat' dir='ltr'><strong>rei</strong></span> <span class='ocrx_word' id='word_1_171' title='bbox 1117 2781 1192 2837; x_wconf 80' lang='lat' dir='ltr'><strong>‚non</strong></span> 
     </span>
     <span class='ocr_line' id='line_1_26' title="bbox 139 2844 1191 2940; baseline -0.001 -29"><span class='ocrx_word' id='word_1_172' title='bbox 139 2845 179 2911; x_wconf 90' lang='lat' dir='ltr'><strong>in</strong></span> <span class='ocrx_word' id='word_1_173' title='bbox 196 2845 345 2916; x_wconf 84' lang='lat' dir='ltr'><strong>evitanda</strong></span> <span class='ocrx_word' id='word_1_174' title='bbox 362 2844 589 2934; x_wconf 89' lang='lat' dir='ltr'><strong>ambignitate,</strong></span> <span class='ocrx_word' id='word_1_175' title='bbox 613 2846 670 2912; x_wconf 87' lang='lat' dir='ltr'><strong>sed</strong></span> <span class='ocrx_word' id='word_1_176' title='bbox 690 2846 725 2911; x_wconf 92' lang='lat' dir='ltr'><strong>iu</strong></span> <span class='ocrx_word' id='word_1_177' title='bbox 740 2847 913 2913; x_wconf 86' lang='lat' dir='ltr'><strong>arbitraria</strong></span> <span class='ocrx_word' id='word_1_178' title='bbox 929 2847 1030 2912; x_wconf 87' lang='lat' dir='ltr'><strong>latino</strong></span> <span class='ocrx_word' id='word_1_179' title='bbox 1043 2845 1191 2940; x_wconf 51' lang='lat' dir='ltr'><strong>¹loquen-</strong></span> 
     </span>
     <span class='ocr_line' id='line_1_27' title="bbox 140 2931 1192 3022; baseline 0.004 -28"><span class='ocrx_word' id='word_1_180' title='bbox 140 2933 230 2994; x_wconf 88' lang='lat' dir='ltr'><strong>tium</strong></span> <span class='ocrx_word' id='word_1_181' title='bbox 245 2931 480 2998; x_wconf 87' lang='lat' dir='ltr'><strong>consuetudine</strong></span> <span class='ocrx_word' id='word_1_182' title='bbox 499 2933 720 3019; x_wconf 88' lang='lat' dir='ltr'><strong>quaerendam</strong></span> <span class='ocrx_word' id='word_1_183' title='bbox 737 2957 816 3016; x_wconf 88' lang='lat' dir='ltr'><strong>esse,</strong></span> <span class='ocrx_word' id='word_1_184' title='bbox 834 2935 908 3022; x_wconf 90' lang='lat' dir='ltr'><strong>ipse</strong></span> <span class='ocrx_word' id='word_1_185' title='bbox 922 2934 1099 3015; x_wconf 78' lang='lat' dir='ltr'><strong>intellexit,</strong></span> <span class='ocrx_word' id='word_1_186' title='bbox 1121 2955 1192 2998; x_wconf 86' lang='lat' dir='ltr'><strong>esse</strong></span> 
     </span>
     <span class='ocr_line' id='line_1_28' title="bbox 140 3017 1192 3108; baseline 0 -26"><span class='ocrx_word' id='word_1_187' title='bbox 140 3017 276 3104; x_wconf 87' lang='lat' dir='ltr'><strong>utique,</strong></span> <span class='ocrx_word' id='word_1_188' title='bbox 297 3018 333 3082; x_wconf 89' lang='lat' dir='ltr'><strong>in</strong></span> <span class='ocrx_word' id='word_1_189' title='bbox 350 3017 467 3102; x_wconf 91' lang='lat' dir='ltr'><strong>quibus</strong></span> <span class='ocrx_word' id='word_1_190' title='bbox 482 3041 519 3082; x_wconf 92' lang='lat' dir='ltr'><strong>re</strong></span> <span class='ocrx_word' id='word_1_191' title='bbox 536 3037 610 3082; x_wconf 85' lang='lat' dir='ltr'><strong>vera</strong></span> <span class='ocrx_word' id='word_1_192' title='bbox 631 3019 866 3103; x_wconf 77' lang='lat' dir='ltr'><strong>adiungeretur</strong></span> <span class='ocrx_word' id='word_1_193' title='bbox 878 3019 1082 3108; x_wconf 86' lang='lat' dir='ltr'><strong>praepositio</strong></span> <span class='ocrx_word' id='word_1_194' title='bbox 1097 3019 1192 3082; x_wconf 89' lang='lat' dir='ltr'><strong>abla-</strong></span> 
     </span>
     <span class='ocr_line' id='line_1_29' title="bbox 139 3101 1191 3188; baseline 0 -20"><span class='ocrx_word' id='word_1_195' title='bbox 139 3103 211 3168; x_wconf 88' lang='lat' dir='ltr'><strong>tivo</strong></span> <span class='ocrx_word' id='word_1_196' title='bbox 228 3103 458 3184; x_wconf 87' lang='lat' dir='ltr'><strong>instrumenti,</strong></span> <span class='ocrx_word' id='word_1_197' title='bbox 479 3102 535 3166; x_wconf 89' lang='lat' dir='ltr'><strong>sed</strong></span> <span class='ocrx_word' id='word_1_198' title='bbox 556 3101 606 3165; x_wconf 90' lang='lat' dir='ltr'><strong>vel</strong></span> <span class='ocrx_word' id='word_1_199' title='bbox 620 3103 691 3188; x_wconf 89' lang='lat' dir='ltr'><strong>ipsa</strong></span> <span class='ocrx_word' id='word_1_200' title='bbox 713 3106 857 3186; x_wconf 88' lang='lat' dir='ltr'><strong>incerta,</strong></span> <span class='ocrx_word' id='word_1_201' title='bbox 878 3105 929 3169; x_wconf 80' lang='lat' dir='ltr'><strong>vel</strong></span> <span class='ocrx_word' id='word_1_202' title='bbox 946 3127 988 3174; x_wconf 86' lang='lat' dir='ltr'><strong>ex</strong></span> <span class='ocrx_word' id='word_1_203' title='bbox 1005 3105 1191 3170; x_wconf 80' lang='lat' dir='ltr'><strong>auctoribus</strong></span> 
     </span>
     <span class='ocr_line' id='line_1_30' title="bbox 139 3187 1192 3274; baseline 0 -20"><span class='ocrx_word' id='word_1_204' title='bbox 139 3187 314 3254; x_wconf 86' lang='lat' dir='ltr'><strong>latinitatis</strong></span> <span class='ocrx_word' id='word_1_205' title='bbox 340 3187 449 3252; x_wconf 89' lang='lat' dir='ltr'><strong>minus</strong></span> <span class='ocrx_word' id='word_1_206' title='bbox 472 3189 607 3251; x_wconf 88' lang='lat' dir='ltr'><strong>usitatae</strong></span> <span class='ocrx_word' id='word_1_207' title='bbox 632 3187 817 3274; x_wconf 87' lang='lat' dir='ltr'><strong>desumpta.</strong></span> <span class='ocrx_word' id='word_1_208' title='bbox 867 3188 932 3254; x_wconf 87' lang='lat' dir='ltr'><strong>Res</strong></span> <span class='ocrx_word' id='word_1_209' title='bbox 955 3191 1001 3255; x_wconf 91' lang='lat' dir='ltr'><strong>ita</strong></span> <span class='ocrx_word' id='word_1_210' title='bbox 1022 3211 1056 3252; x_wconf 86' lang='lat' dir='ltr'><strong>se</strong></span> <span class='ocrx_word' id='word_1_211' title='bbox 1079 3187 1192 3254; x_wconf 85' lang='lat' dir='ltr'><strong>habet.</strong></span> 
     </span>
     <span class='ocr_line' id='line_1_31' title="bbox 140 3268 1192 3362; baseline -0.001 -23"><span class='ocrx_word' id='word_1_212' title='bbox 140 3273 383 3360; x_wconf 83' lang='lat' dir='ltr'><strong>Antiquissimo</strong></span> <span class='ocrx_word' id='word_1_213' title='bbox 397 3282 551 3360; x_wconf 88' lang='lat' dir='ltr'><strong>tempore</strong></span> <span class='ocrx_word' id='word_1_214' title='bbox 565 3272 673 3337; x_wconf 87' lang='lat' dir='ltr'><strong>Latini</strong></span> <span class='ocrx_word' id='word_1_215' title='bbox 687 3273 973 3359; x_wconf 87' lang='lat' dir='ltr'><strong>praepositionem</strong></span> <span class='ocrx_word' id='word_1_216' title='bbox 988 3268 1192 3362; x_wconf 77' lang='lat' dir='ltr'><strong>usurpabant</strong></span> 
     </span>
     <span class='ocr_line' id='line_1_32' title="bbox 142 3357 1193 3446; baseline 0.001 -22"><span class='ocrx_word' id='word_1_217' title='bbox 142 3360 184 3424; x_wconf 88' lang='lat' dir='ltr'><strong>ad</strong></span> <span class='ocrx_word' id='word_1_218' title='bbox 208 3357 450 3446; x_wconf 82' lang='lat' dir='ltr'><strong>designandum</strong></span> <span class='ocrx_word' id='word_1_219' title='bbox 474 3359 730 3422; x_wconf 89' lang='lat' dir='ltr'><strong>instrumentum</strong></span> <span class='ocrx_word' id='word_1_220' title='bbox 756 3357 963 3441; x_wconf 86' lang='lat' dir='ltr'><strong>adhibitum,</strong></span> <span class='ocrx_word' id='word_1_221' title='bbox 990 3359 1058 3424; x_wconf 86' lang='lat' dir='ltr'><strong>&#39;sed</strong></span> <span class='ocrx_word' id='word_1_222' title='bbox 1088 3381 1193 3446; x_wconf 88' lang='lat' dir='ltr'><strong>qoam</strong></span> 
     </span>
     <span class='ocr_line' id='line_1_33' title="bbox 140 3443 1192 3534; baseline -0.001 -23"><span class='ocrx_word' id='word_1_223' title='bbox 140 3445 351 3511; x_wconf 84' lang='lat' dir='ltr'><strong>voluntatem</strong></span> <span class='ocrx_word' id='word_1_224' title='bbox 380 3453 412 3508; x_wconf 89' lang='lat' dir='ltr'><strong>et</strong></span> <span class='ocrx_word' id='word_1_225' title='bbox 434 3445 502 3509; x_wconf 84' lang='lat' dir='ltr'><strong>vim</strong></span> <span class='ocrx_word' id='word_1_226' title='bbox 531 3443 674 3534; x_wconf 88' lang='lat' dir='ltr'><strong>agentis,</strong></span> <span class='ocrx_word' id='word_1_227' title='bbox 698 3463 761 3528; x_wconf 91' lang='lat' dir='ltr'><strong>qua</strong></span> <span class='ocrx_word' id='word_1_228' title='bbox 784 3444 1001 3510; x_wconf 86' lang='lat' dir='ltr'><strong>instrumenta</strong></span> <span class='ocrx_word' id='word_1_229' title='bbox 1017 3457 1192 3532; x_wconf 79' lang='lat' dir='ltr'><strong>reguntur,</strong></span> 
     </span>
     <span class='ocr_line' id='line_1_34' title="bbox 143 3528 1229 3614; baseline -0.003 -19"><span class='ocrx_word' id='word_1_230' title='bbox 143 3529 328 3596; x_wconf 87' lang='lat' dir='ltr'><strong>accuratius</strong></span> <span class='ocrx_word' id='word_1_231' title='bbox 354 3529 551 3614; x_wconf 85' lang='lat' dir='ltr'><strong>distinguere</strong></span> <span class='ocrx_word' id='word_1_232' title='bbox 578 3539 611 3594; x_wconf 88' lang='lat' dir='ltr'><strong>et</strong></span> <span class='ocrx_word' id='word_1_233' title='bbox 633 3531 667 3594; x_wconf 91' lang='lat' dir='ltr'><strong>in</strong></span> <span class='ocrx_word' id='word_1_234' title='bbox 690 3529 801 3614; x_wconf 81' lang='lat' dir='ltr'><strong>lingua</strong></span> <span class='ocrx_word' id='word_1_235' title='bbox 826 3528 1067 3595; x_wconf 86' lang='lat' dir='ltr'><strong>conformanda</strong></span> <span class='ocrx_word' id='word_1_236' title='bbox 1088 3531 1193 3594; x_wconf 90' lang='lat' dir='ltr'><strong>ratio·</strong></span> <span class='ocrx_word' id='word_1_237' title='bbox 1225 3599 1229 3608; x_wconf 55' lang='lat'>‚</span> 
     </span>
     <span class='ocr_line' id='line_1_35' title="bbox 144 3614 1194 3702; baseline -0.002 -22"><span class='ocrx_word' id='word_1_238' title='bbox 144 3617 312 3682; x_wconf 83' lang='lat' dir='ltr'><strong>cinatione</strong></span> <span class='ocrx_word' id='word_1_239' title='bbox 336 3615 439 3702; x_wconf 88' lang='lat' dir='ltr'><strong>magis</strong></span> <span class='ocrx_word' id='word_1_240' title='bbox 463 3636 562 3701; x_wconf 85' lang='lat' dir='ltr'><strong>quam</strong></span> <span class='ocrx_word' id='word_1_241' title='bbox 587 3637 684 3680; x_wconf 86' lang='lat' dir='ltr'><strong>sensu</strong></span> <span class='ocrx_word' id='word_1_242' title='bbox 701 3618 749 3678; x_wconf 87' lang='lat' dir='ltr'><strong>uti</strong></span> <span class='ocrx_word' id='word_1_243' title='bbox 774 3614 977 3702; x_wconf 89' lang='lat' dir='ltr'><strong>coepissent,</strong></span> <span class='ocrx_word' id='word_1_244' title='bbox 1009 3617 1194 3680; x_wconf 89' lang='lat' dir='ltr'><strong>omiserunt</strong></span> 
     </span>
     <span class='ocr_line' id='line_1_36' title="bbox 142 3697 1196 3790; baseline -0.004 -22"><span class='ocrx_word' id='word_1_245' title='bbox 142 3697 448 3790; x_wconf 62' lang='lat' dir='ltr'><strong>praepositionem</strong></span> <span class='ocrx_word' id='word_1_246' title='bbox 470 3711 503 3766; x_wconf 88' lang='lat' dir='ltr'><strong>ct</strong></span> <span class='ocrx_word' id='word_1_247' title='bbox 521 3701 660 3768; x_wconf 88' lang='lat' dir='ltr'><strong>ablativo</strong></span> <span class='ocrx_word' id='word_1_248' title='bbox 685 3702 1196 3788; x_wconf 85' lang='lat' dir='ltr'><strong>expresseruntcaussalenr-.no-</strong></span> 
     </span>
     <span class='ocr_line' id='line_1_37' title="bbox 144 3785 1193 3873; baseline -0.009 -16"><span class='ocrx_word' id='word_1_249' title='bbox 144 3789 287 3857; x_wconf 82' lang='lat' dir='ltr'><strong>tionem.</strong></span> <span class='ocrx_word' id='word_1_250' title='bbox 300 3857 307 3872; x_wconf 8' lang='grc' dir='ltr'><strong>,ἵ</strong></span> <span class='ocrx_word' id='word_1_251' title='bbox 331 3785 469 3852; x_wconf 88' lang='lat' dir='ltr'><strong>Tamen.</strong></span> <span class='ocrx_word' id='word_1_252' title='bbox 479 3788 633 3873; x_wconf 88' lang='lat' dir='ltr'><strong>antiquus</strong></span> <span class='ocrx_word' id='word_1_253' title='bbox 648 3808 724 3852; x_wconf 88' lang='lat' dir='ltr'><strong>usus</strong></span> <span class='ocrx_word' id='word_1_254' title='bbox 741 3785 863 3853; x_wconf 76' lang='lat' dir='ltr'><strong>mansit</strong></span> <span class='ocrx_word' id='word_1_255' title='bbox 878 3785 913 3850; x_wconf 89' lang='lat' dir='ltr'><strong>in</strong></span> <span class='ocrx_word' id='word_1_256' title='bbox 935 3787 1019 3850; x_wconf 87' lang='lat' dir='ltr'><strong>vitae</strong></span> <span class='ocrx_word' id='word_1_257' title='bbox 1037 3807 1193 3852; x_wconf 83' lang='lat' dir='ltr'><strong>commu-</strong></span> 
     </span>
    </p>
   </div>
   <div class='ocr_carea' id='block_1_11' title="bbox 142 3871 1309 3959">
    <p class='ocr_par' dir='ltr' id='par_1_12' title="bbox 142 3871 1309 3959">
     <span class='ocr_line' id='line_1_38' title="bbox 142 3871 1309 3959; baseline -0.005 -20"><span class='ocrx_word' id='word_1_258' title='bbox 142 3877 197 3940; x_wconf 88' lang='lat' dir='ltr'><strong>nis</strong></span> <span class='ocrx_word' id='word_1_259' title='bbox 217 3883 377 3938; x_wconf 85' lang='lat' dir='ltr'><strong>sermone</strong></span> <span class='ocrx_word' id='word_1_260' title='bbox 396 3882 426 3936; x_wconf 87' lang='lat' dir='ltr'><strong>et</strong></span> <span class='ocrx_word' id='word_1_261' title='bbox 445 3872 478 3936; x_wconf 89' lang='lat' dir='ltr'><strong>in</strong></span> <span class='ocrx_word' id='word_1_262' title='bbox 498 3873 694 3938; x_wconf 86' lang='lat' dir='ltr'><strong>carminibus</strong></span> <span class='ocrx_word' id='word_1_263' title='bbox 718 3883 905 3959; x_wconf 76' lang='lat' dir='ltr'><strong>poetarum.</strong></span> <span class='ocrx_word' id='word_1_264' title='bbox 952 3871 1061 3950; x_wconf 87' lang='lat' dir='ltr'><strong>Quare</strong></span> <span class='ocrx_word' id='word_1_265' title='bbox 1078 3891 1194 3940; x_wconf 76' lang='lat' dir='ltr'><strong>exem-</strong></span> <span class='ocrx_word' id='word_1_266' title='bbox 1307 3899 1309 3908; x_wconf 92' lang='grc'><em>·</em></span> 
     </span>
    </p>
   </div>
   <div class='ocr_carea' id='block_1_12' title="bbox 140 3955 1196 4305">
    <p class='ocr_par' dir='ltr' id='par_1_13' title="bbox 140 3955 1196 4305">
     <span class='ocr_line' id='line_1_39' title="bbox 142 3955 1196 4048; baseline -0.008 -23"><span class='ocrx_word' id='word_1_267' title='bbox 142 3961 202 4048; x_wconf 87' lang='lat' dir='ltr'><strong>pla</strong></span> <span class='ocrx_word' id='word_1_268' title='bbox 226 3955 284 4024; x_wconf 82' lang='lat' dir='ltr'><strong>aut</strong></span> <span class='ocrx_word' id='word_1_269' title='bbox 308 3957 534 4042; x_wconf 89' lang='lat' dir='ltr'><strong>antiquiorum</strong></span> <span class='ocrx_word' id='word_1_270' title='bbox 554 3961 755 4046; x_wconf 86' lang='lat' dir='ltr'><strong>scriptorum</strong></span> <span class='ocrx_word' id='word_1_271' title='bbox 781 3967 874 4039; x_wconf 87' lang='lat' dir='ltr'><strong>sunt,</strong></span> <span class='ocrx_word' id='word_1_272' title='bbox 903 3969 959 4023; x_wconf 90' lang='lat' dir='ltr'><strong>aut</strong></span> <span class='ocrx_word' id='word_1_273' title='bbox 981 3955 1196 4040; x_wconf 66' lang='lat' dir='ltr'><strong>eorum‚,qui</strong></span> 
     </span>
     <span class='ocr_line' id='line_1_40' title="bbox 141 4041 1196 4130; baseline -0.008 -18"><span class='ocrx_word' id='word_1_274' title='bbox 141 4057 233 4112; x_wconf 86' lang='lat' dir='ltr'><strong>artes</strong></span> <span class='ocrx_word' id='word_1_275' title='bbox 247 4041 420 4110; x_wconf 85' lang='lat' dir='ltr'><strong>tradebant</strong></span> <span class='ocrx_word' id='word_1_276' title='bbox 433 4042 599 4130; x_wconf 88' lang='lat' dir='ltr'><strong>vulgares,</strong></span> <span class='ocrx_word' id='word_1_277' title='bbox 620 4045 830 4112; x_wconf 86' lang='lat' dir='ltr'><strong>medicamst</strong></span> <span class='ocrx_word' id='word_1_278' title='bbox 843 4047 1020 4120; x_wconf 72' lang='lat' dir='ltr'><strong>rusticam,</strong></span> <span class='ocrx_word' id='word_1_279' title='bbox 1041 4050 1096 4106; x_wconf 88' lang='lat' dir='ltr'><strong>aut</strong></span> <span class='ocrx_word' id='word_1_280' title='bbox 1112 4061 1196 4125; x_wconf 81' lang='lat' dir='ltr'><strong>poe-</strong></span> 
     </span>
     <span class='ocr_line' id='line_1_41' title="bbox 140 4127 1196 4219; baseline -0.009 -19"><span class='ocrx_word' id='word_1_281' title='bbox 140 4141 269 4200; x_wconf 70' lang='lat' dir='ltr'><strong>tarum.</strong></span> <span class='ocrx_word' id='word_1_282' title='bbox 299 4129 544 4208; x_wconf 41' lang='lat' dir='ltr'><strong>‚Reaea‘tissimi</strong></span> <span class='ocrx_word' id='word_1_283' title='bbox 562 4129 888 4219; x_wconf 69' lang='lat' dir='ltr'><strong>scriptoresrulgari</strong></span> <span class='ocrx_word' id='word_1_284' title='bbox 915 4128 1054 4196; x_wconf 87' lang='lat' dir='ltr'><strong>dictioni</strong></span> <span class='ocrx_word' id='word_1_285' title='bbox 1075 4127 1196 4191; x_wconf 85' lang='lat' dir='ltr'><strong>adhae-</strong></span> 
     </span>
     <span class='ocr_line' id='line_1_42' title="bbox 142 4211 1196 4305; baseline -0.006 -21"><span class='ocrx_word' id='word_1_286' title='bbox 142 4226 281 4286; x_wconf 83' lang='lat' dir='ltr'><strong>seruat:</strong></span> <span class='ocrx_word' id='word_1_287' title='bbox 304 4214 522 4305; x_wconf 81' lang='lat' dir='ltr'><strong>quarentium</strong></span> <span class='ocrx_word' id='word_1_288' title='bbox 535 4215 659 4284; x_wconf 86' lang='lat' dir='ltr'><strong>multos</strong></span> <span class='ocrx_word' id='word_1_289' title='bbox 679 4217 809 4284; x_wconf 89' lang='lat' dir='ltr'><strong>locosa</strong></span> <span class='ocrx_word' id='word_1_290' title='bbox 831 4215 973 4302; x_wconf 78' lang='lat' dir='ltr'><strong>librariis</strong></span> <span class='ocrx_word' id='word_1_291' title='bbox 998 4215 1033 4282; x_wconf 88' lang='lat' dir='ltr'><strong>ia</strong></span> <span class='ocrx_word' id='word_1_292' title='bbox 1054 4211 1196 4282; x_wconf 89' lang='lat' dir='ltr'><strong>modum</strong></span> 
     </span>
    </p>
   </div>
   <div class='ocr_carea' id='block_1_13' title="bbox 0 0 1424 4734">
    <p class='ocr_par' dir='ltr' id='par_1_14' title="bbox 0 0 1424 4734">
     <span class='ocr_line' id='line_1_43' title="bbox 0 0 1424 4734; baseline 0 0"><span class='ocrx_word' id='word_1_293' title='bbox 0 0 1424 4734; x_wconf 95' lang='lat' dir='ltr'><strong> </strong></span> 
     </span>
    </p>
   </div>
  </div>
 </body>
</html>
